<html lang="en-AU" style="--sticky-container-height: 0px; --base-header-height: 88px;"><head class="at-element-marker"><meta charset="utf-8">
<meta name="viewport" content="width=device-width, initial-scale=1">
<title> Grocery Shopping | Everyday Grocery Range - ALDI Australia </title>
<link rel="canonical" href="https://www.aldi.com.au/products" data-hid="canonical">
<link rel="alternate" hreflang="en-AU" href="https://www.aldi.com.au/products">
<link rel="preconnect" href="https://api.aldi.com.au" crossorigin="">
<link rel="preconnect" href="https://api.aldi.com.au">
<link rel="preconnect" href="https://dm.apac.cms.aldi.cx">
<link rel="preconnect" href="https://assets.adobedtm.com">
<script type="text/javascript" async="" src="https://analytics.tiktok.com/i18n/pixel/static/identify_ecbed230.js"></script><script type="text/javascript" async="" src="https://analytics.tiktok.com/i18n/pixel/static/main.MTI3MGVjOWI3OA.js" data-id="CR61HVBC77U9N3BNSMUG"></script><script src="https://connect.facebook.net/signals/config/243994516055909?v=2.9.215&amp;r=stable&amp;domain=www.aldi.com.au&amp;hme=3a8008a6f0cd88c861b1cd2bda7f70b9072223018277cd4c0254ee4884c65e05&amp;ex_m=83%2C141%2C124%2C17%2C117%2C58%2C39%2C118%2C64%2C57%2C129%2C72%2C12%2C82%2C25%2C112%2C103%2C62%2C65%2C111%2C128%2C91%2C131%2C7%2C3%2C4%2C6%2C5%2C2%2C73%2C81%2C132%2C203%2C153%2C52%2C208%2C205%2C206%2C44%2C166%2C24%2C61%2C212%2C211%2C155%2C27%2C51%2C8%2C54%2C77%2C78%2C79%2C84%2C107%2C26%2C23%2C110%2C106%2C105%2C125%2C63%2C127%2C49%2C126%2C40%2C108%2C50%2C100%2C11%2C36%2C194%2C196%2C163%2C20%2C21%2C22%2C14%2C15%2C35%2C32%2C33%2C68%2C74%2C76%2C89%2C116%2C119%2C37%2C90%2C18%2C16%2C94%2C59%2C30%2C121%2C120%2C122%2C113%2C19%2C29%2C48%2C88%2C28%2C176%2C149%2C86%2C109%2C67%2C98%2C43%2C38%2C96%2C97%2C102%2C47%2C13%2C104%2C95%2C55%2C42%2C45%2C0%2C80%2C130%2C1%2C101%2C10%2C99%2C252%2C192%2C139%2C179%2C172%2C9%2C46%2C75%2C53%2C123%2C56%2C93%2C71%2C70%2C41%2C114%2C69%2C66%2C60%2C92%2C85%2C34%2C115%2C31%2C87%2C133" async=""></script><script async="" src="https://connect.facebook.net/en_US/fbevents.js"></script><script type="text/javascript" async="" src="https://analytics.tiktok.com/i18n/pixel/events.js?sdkid=CR61HVBC77U9N3BNSMUG&amp;lib=ttq"></script><script src="https://js-cdn.dynatrace.com/jstag/15fc9f135f3/ruxitagent_A7NVfhqrux_10305250107141607.js" defer="defer" id="dtjsagent" crossorigin="anonymous"></script><script src="https://assets.adobedtm.com/1a449bc36397/be26c5017d5a/launch-12db496cfb5b.min.js" async="" data-hid="webLaunch"></script>
<script src="/monitoring/dynatrace-browser-prod-v2.js" data-hid="dynatrace"></script>
<link rel="stylesheet" href="/_nuxt/entry.2swTV5qs.css" crossorigin="">
<link rel="stylesheet" href="/_nuxt/default.CXNssS8n.css" crossorigin="">
<link rel="stylesheet" href="/_nuxt/ToastNotifications.Hwy0FK11.css" crossorigin="">
<link rel="stylesheet" href="/_nuxt/CmsFooter.BypUkcE-.css" crossorigin="">
<link rel="stylesheet" href="/_nuxt/MerchantAlertWrapper.D5_0z2Ud.css" crossorigin="">
<link rel="stylesheet" href="/_nuxt/MayLoseCartItemsAlert.C_sAAS-O.css" crossorigin="">
<link rel="stylesheet" href="/_nuxt/BaseRadioButton.BCr_Vvxu.css" crossorigin="">
<link rel="stylesheet" href="/_nuxt/BaseHeaderLogo.DkkF0kVz.css" crossorigin="">
<link rel="stylesheet" href="/_nuxt/HeaderSearchField.9pIpLFkn.css" crossorigin="">
<link rel="stylesheet" href="/_nuxt/BaseChip.BZhsvJ-w.css" crossorigin="">
<link rel="stylesheet" href="/_nuxt/SummaryTotalsTable.D0C75aO-.css" crossorigin="">
<link rel="stylesheet" href="/_nuxt/OrderThreshold.BvHc6HXi.css" crossorigin="">
<link rel="stylesheet" href="/_nuxt/BaseAccordionItem.BKILu1wQ.css" crossorigin="">
<link rel="stylesheet" href="/_nuxt/CartProductList.BxuMFwa2.css" crossorigin="">
<link rel="stylesheet" href="/_nuxt/CartBasePrice.CsPE2t0L.css" crossorigin="">
<link rel="stylesheet" href="/_nuxt/CartNote.p-BN7bzP.css" crossorigin="">
<link rel="stylesheet" href="/_nuxt/CartPromotionModal.C-Dm_EtX.css" crossorigin="">
<link rel="stylesheet" href="/_nuxt/ProductGrid.RYsj-cST.css" crossorigin="">
<link rel="stylesheet" href="/_nuxt/FloatingButtons.tSle2bas.css" crossorigin="">
<link rel="stylesheet" href="/_nuxt/MawiLogs.Cd8ARfSy.css" crossorigin="">
<link rel="stylesheet" href="/_nuxt/ServiceSelection.CWC7WBiq.css" crossorigin="">
<link rel="stylesheet" href="/_nuxt/ServiceSelectorSearchDialog.CRf8el9f.css" crossorigin="">
<link rel="stylesheet" href="/_nuxt/MerchantSearchBox.26B5s1JI.css" crossorigin="">
<link rel="stylesheet" href="/_nuxt/useAddressSearch.CP34nhxf.css" crossorigin="">
<link rel="stylesheet" href="/_nuxt/_...nO578zNS.css" crossorigin="">
<link rel="stylesheet" href="/_nuxt/useProductListingPageHead.DVVIrwak.css" crossorigin="">
<link rel="stylesheet" href="/_nuxt/BasePagination.tvverbRe.css" crossorigin="">
<link rel="stylesheet" href="/_nuxt/SpecialBuyDisclaimer.BW3bS5XQ.css" crossorigin="">
<link rel="stylesheet" href="/_nuxt/BaseSelect.cMIcGW8u.css" crossorigin="">
<link rel="stylesheet" href="/_nuxt/InformationBanner.Rwbrh5lx.css" crossorigin="">
<link rel="stylesheet" href="/_nuxt/BaseBreadcrumbs.D0YZ7006.css" crossorigin="">
<link rel="preload" href="/_nuxt/ALDISUEDVF_LatinWeb_02.VhpaPoj1.woff2" as="font" type="font/woff2" crossorigin="anonymous">
<link rel="modulepreload" as="script" crossorigin="" href="/_nuxt/BKpoKXPz.js">
<link rel="modulepreload" as="script" crossorigin="" href="/_nuxt/BQvXWwbo.js">
<link rel="modulepreload" as="script" crossorigin="" href="/_nuxt/Bf5gCufa.js">
<link rel="modulepreload" as="script" crossorigin="" href="/_nuxt/DT9UDnyt.js">
<link rel="modulepreload" as="script" crossorigin="" href="/_nuxt/CUv-ITYg.js">
<link rel="modulepreload" as="script" crossorigin="" href="/_nuxt/Cm6dfBPO.js">
<link rel="modulepreload" as="script" crossorigin="" href="/_nuxt/4Lx5mNWr.js">
<link rel="modulepreload" as="script" crossorigin="" href="/_nuxt/C2Va8JqB.js">
<link rel="modulepreload" as="script" crossorigin="" href="/_nuxt/D2tIPbKJ.js">
<link rel="modulepreload" as="script" crossorigin="" href="/_nuxt/DxpuPI6Q.js">
<link rel="modulepreload" as="script" crossorigin="" href="/_nuxt/DLhavn8W.js">
<link rel="modulepreload" as="script" crossorigin="" href="/_nuxt/s1gAcF7V.js">
<link rel="modulepreload" as="script" crossorigin="" href="/_nuxt/BOMyu317.js">
<link rel="modulepreload" as="script" crossorigin="" href="/_nuxt/Dpo2nK2Q.js">
<link rel="modulepreload" as="script" crossorigin="" href="/_nuxt/DaztV6z1.js">
<link rel="modulepreload" as="script" crossorigin="" href="/_nuxt/CLbttsZv.js">
<link rel="modulepreload" as="script" crossorigin="" href="/_nuxt/Xah1sJeN.js">
<link rel="modulepreload" as="script" crossorigin="" href="/_nuxt/DZ_gBuJ3.js">
<link rel="modulepreload" as="script" crossorigin="" href="/_nuxt/Bcb4_owu.js">
<link rel="modulepreload" as="script" crossorigin="" href="/_nuxt/DL2s-lsD.js">
<link rel="modulepreload" as="script" crossorigin="" href="/_nuxt/iTVwtLpm.js">
<link rel="modulepreload" as="script" crossorigin="" href="/_nuxt/BlO3YlQl.js">
<link rel="modulepreload" as="script" crossorigin="" href="/_nuxt/CoXOLHzY.js">
<link rel="modulepreload" as="script" crossorigin="" href="/_nuxt/He-TgRdH.js">
<link rel="modulepreload" as="script" crossorigin="" href="/_nuxt/4dPbKjT7.js">
<link rel="modulepreload" as="script" crossorigin="" href="/_nuxt/CvtI1cN8.js">
<link rel="modulepreload" as="script" crossorigin="" href="/_nuxt/D3P57Ef5.js">
<link rel="modulepreload" as="script" crossorigin="" href="/_nuxt/ClDdlbMn.js">
<link rel="modulepreload" as="script" crossorigin="" href="/_nuxt/1AqIUN_T.js">
<link rel="modulepreload" as="script" crossorigin="" href="/_nuxt/DtCacbp9.js">
<link rel="modulepreload" as="script" crossorigin="" href="/_nuxt/zQ8yJF5M.js">
<link rel="modulepreload" as="script" crossorigin="" href="/_nuxt/CzrgXd6R.js">
<link rel="modulepreload" as="script" crossorigin="" href="/_nuxt/DrSoPyk1.js">
<link rel="modulepreload" as="script" crossorigin="" href="/_nuxt/B6_9cLqE.js">
<link rel="modulepreload" as="script" crossorigin="" href="/_nuxt/BZcckSqS.js">
<link rel="modulepreload" as="script" crossorigin="" href="/_nuxt/BQOtPkS0.js">
<link rel="modulepreload" as="script" crossorigin="" href="/_nuxt/CgAd2BC-.js">
<link rel="modulepreload" as="script" crossorigin="" href="/_nuxt/DkrRcNEt.js">
<link rel="modulepreload" as="script" crossorigin="" href="/_nuxt/llL8KrLr.js">
<link rel="modulepreload" as="script" crossorigin="" href="/_nuxt/CPmjawMW.js">
<link rel="modulepreload" as="script" crossorigin="" href="/_nuxt/BzCBT4VF.js">
<link rel="modulepreload" as="script" crossorigin="" href="/_nuxt/D0abbvh_.js">
<link rel="modulepreload" as="script" crossorigin="" href="/_nuxt/ChgWgVub.js">
<link rel="modulepreload" as="script" crossorigin="" href="/_nuxt/I3o6GR1h.js">
<link rel="modulepreload" as="script" crossorigin="" href="/_nuxt/BE2Xtl-q.js">
<link rel="modulepreload" as="script" crossorigin="" href="/_nuxt/CfBqqOCh.js">
<link rel="modulepreload" as="script" crossorigin="" href="/_nuxt/CZHQz6dv.js">
<link rel="preload" as="fetch" fetchpriority="low" crossorigin="anonymous" href="/_nuxt/builds/meta/8dbb81ec-3bf5-46fc-8471-dce511f62438.json">
<link rel="dns-prefetch" href="https://publish.prod.apac.cms.aldi.cx">
<link rel="dns-prefetch" href="https://aldisued.tt.omtrdc.net">
<link rel="prefetch" as="image" type="image/gif" href="/_nuxt/aldi_logo_animation.BFzzbf5F.gif">
<link rel="prefetch" as="script" crossorigin="" href="/_nuxt/BCJB0NRC.js">
<link rel="prefetch" as="script" crossorigin="" href="/_nuxt/CFKn8Q0Q.js">
<link rel="prefetch" as="script" crossorigin="" href="/_nuxt/CsX_yha2.js">
<link rel="prefetch" as="script" crossorigin="" href="/_nuxt/CBabfADb.js">
<link rel="prefetch" as="style" crossorigin="" href="/_nuxt/amendment.BY23YJZH.css">
<link rel="prefetch" as="style" crossorigin="" href="/_nuxt/StickyContainer.COqtQuMG.css">
<link rel="prefetch" as="script" crossorigin="" href="/_nuxt/iURCJRn5.js">
<link rel="prefetch" as="script" crossorigin="" href="/_nuxt/B87EFLJR.js">
<link rel="prefetch" as="script" crossorigin="" href="/_nuxt/D-USLI39.js">
<link rel="prefetch" as="script" crossorigin="" href="/_nuxt/B-qL_ryS.js">
<link rel="prefetch" as="style" crossorigin="" href="/_nuxt/corporate.DHVB2-N_.css">
<link rel="prefetch" as="script" crossorigin="" href="/_nuxt/BUpQUxbS.js">
<link rel="prefetch" as="script" crossorigin="" href="/_nuxt/CUp6ixqd.js">
<link rel="prefetch" as="script" crossorigin="" href="/_nuxt/Bc4sPBKb.js">
<link rel="prefetch" as="script" crossorigin="" href="/_nuxt/CowPdlUd.js">
<link rel="prefetch" as="style" crossorigin="" href="/_nuxt/fallback.tn0RQdqM.css">
<link rel="prefetch" as="script" crossorigin="" href="/_nuxt/CV6xy-TW.js">
<link rel="prefetch" as="script" crossorigin="" href="/_nuxt/CKbutmts.js">
<link rel="prefetch" as="script" crossorigin="" href="/_nuxt/Dv5sHPjs.js">
<link rel="prefetch" as="script" crossorigin="" href="/_nuxt/BOWZQGDx.js">
<link rel="prefetch" as="script" crossorigin="" href="/_nuxt/CNEeOiWi.js">
<link rel="prefetch" as="script" crossorigin="" href="/_nuxt/BtQOz4uw.js">
<link rel="prefetch" as="script" crossorigin="" href="/_nuxt/BJEgUgpy.js">
<link rel="icon" href="/favicon.ico" sizes="32x32">
<link rel="icon" href="/favicon.svg" type="image/svg+xml">
<link rel="apple-touch-icon" href="/apple-touch-icon.png">
<script data-anti-flickering-snippet="" data-hid="antiFlickeringSnippet">;(function (win, doc, style, timeout, cookiePrefix, cookieGroupIdentifier, runOnUnknownConsent) {
  const STYLE_ID = 'at-body-style'

  function getParent() {
    return doc.getElementsByTagName('head')[0]
  }

  function addStyle(parent, id, def) {
    if (!parent) {
      return
    }

    const style = doc.createElement('style')
    style.id = id
    style.innerHTML = def
    parent.appendChild(style)
  }

  function removeStyle(parent, id) {
    if (!parent) {
      return
    }
    const style = doc.getElementById(id)
    if (!style) {
      return
    }
    parent.removeChild(style)
  }

  function getTargetConsent() {
    try {
      const consentCookie = document.cookie.split('; ').find(c => c.startsWith(cookiePrefix))
      if (!consentCookie) {
        return 'CONSENT_UNKNOWN'
      }
      const decodedCookie = new URLSearchParams(decodeURIComponent(consentCookie))
      const groups = decodedCookie.get('groups').split(',')
      const targetConsentGroup = groups.find(g => g.startsWith(cookieGroupIdentifier))
      if (!targetConsentGroup) {
        return 'CONSENT_UNKNOWN'
      }
      if (targetConsentGroup === cookieGroupIdentifier + '1') {
        return 'CONSENT_YES'
      }
      if (targetConsentGroup === cookieGroupIdentifier + '0') {
        return 'CONSENT_NO'
      }
      return 'CONSENT_UNKNOWN'
    } catch {
      return 'CONSENT_UNKNOWN'
    }
  }

  // run only if consent is given
  const targetConsent = getTargetConsent()
  if (targetConsent === 'CONSENT_NO') {
    return
  }
  if (targetConsent === 'CONSENT_UNKNOWN' && !runOnUnknownConsent) {
    return
  }

  addStyle(getParent(), STYLE_ID, style)
  setTimeout(function () {
    removeStyle(getParent(), STYLE_ID)
  }, timeout)
})(window, document, '.banner-image {opacity: 0 !important}', 3000, 'OptanonConsent=', 'C4:', true)
</script><script src="https://assets.adobedtm.com/extensions/EP31dbb9c60e404ba1aa6e746d49be6f29/AppMeasurement.min.js" async=""></script><script src="https://assets.adobedtm.com/extensions/EP31dbb9c60e404ba1aa6e746d49be6f29/AppMeasurement_Module_ActivityMap.min.js" async=""></script>
<meta name="description" content="Like Brands. Only Cheaper. Our carefully selected and exclusive grocery range is comprehensive enough to meet your everyday needs.">
<meta property="og:title" content="Grocery Shopping | Everyday Grocery Range - ALDI Australia">
<meta property="og:description" content="Like Brands. Only Cheaper. Our carefully selected and exclusive grocery range is comprehensive enough to meet your everyday needs.">
<meta property="og:type" content="website">
<meta property="og:url" content="https://www.aldi.com.au/products">
<meta property="og:site_name" content="ALDI Australia ">
<meta property="og:image" content="">
<meta property="twitter:card" content="summary">
<meta property="twitter:site" content="@AldiAU">
<meta property="twitter:title" content="Grocery Shopping | Everyday Grocery Range - ALDI Australia">
<meta property="twitter:description" content="Like Brands. Only Cheaper. Our carefully selected and exclusive grocery range is comprehensive enough to meet your everyday needs.">
<meta name="twitter:image" content="">
<meta name="robots" content="index, follow, max-image-preview:large">
<script type="application/ld+json">{"@context":"https://schema.org","@type":"BreadcrumbList","itemListElement":[{"@type":"ListItem","position":1,"name":"Home","item":"https://www.aldi.com.au/"},{"@type":"ListItem","position":2,"name":"Products","item":"https://www.aldi.com.au/products"}]}</script>
<script type="module" src="/_nuxt/BKpoKXPz.js" crossorigin=""></script><link rel="modulepreload" as="script" crossorigin="" href="https://www.aldi.com.au/_nuxt/DQdPWvqr.js"><link rel="stylesheet" crossorigin="" href="https://www.aldi.com.au/_nuxt/_...DdJGItrE.css"><script type="text/javascript" async="" src="https://googleads.g.doubleclick.net/pagead/viewthroughconversion/16713905917/?random=1752462671256&amp;cv=11&amp;fst=1752462671256&amp;bg=ffffff&amp;guid=ON&amp;async=1&amp;en=gtag.config&amp;gtm=45fe5791v9190109336za200&amp;gcd=13l3l3l3l1l1&amp;dma=0&amp;tag_exp=101509157~103116026~103200004~103233427~103351869~103351871~104684208~104684211~104879961~104908318~104908320~104909302~104909304~104935091~104935093&amp;u_w=1792&amp;u_h=1120&amp;url=https%3A%2F%2Fwww.aldi.com.au%2Fproducts%3Fpage%3D1&amp;hn=www.googleadservices.com&amp;frm=0&amp;tiba=Grocery%20Shopping%20%7C%20Everyday%20Grocery%20Range%20-%20ALDI%20Australia&amp;npa=0&amp;pscdl=noapi&amp;auid=1681557318.1752462671&amp;fledge=1&amp;data=event%3Dgtag.config&amp;rfmt=3&amp;fmt=4"></script><script>
   ;(function () {
  if (document.getElementById("feedback_div")) return
  const feedbackDiv = document.createElement("div")
  feedbackDiv.setAttribute("id", "feedback_div")
  feedbackDiv.innerHTML = `
<style>
#feedback_div_link {
  background-color: transparent !important;
  font-family: "Open Sans", sans-serif;
  cursor: pointer;
  position: fixed;
  top: 65%;
  z-index: 99;
  height: auto !important;
  min-height: 35px !important;
  max-height: 35px !important;
  width: 80px !important;
  max-width: 80px !important;
  min-width: 80px !important;
  transform: rotate(90deg);
  right: -28px;
  text-decoration: none;
  bottom: 121px
}
#feedback_div_link:focus-visible {
  outline: 1px dashed #00005f;
  outline-offset: 2px
}
#feedback_div_link .feedback_button {
  height: 35px;
  min-height: 35px !important;
  max-height: 35px !important;
  width: 80px !important;
  min-width: 80px !important;
  max-width: 80px !important;
  background: #ffc20e;
  color: #00005f;
  position: absolute;
  top: 0;
  left: 0;
  z-index: -1;
  border-radius: 0 0 8px 8px
}
#feedback_div_link .feedback_button-text {
  color: #00005f;
  font-size: 14px;
  line-height: 35px;
  text-align: center
}
</style>
<a id="feedback_div_link" href target="_blank" title="Feedback">
  <div class="feedback_button"></div>
  <div class="feedback_button-text">Feedback</div>
</a>`
  document.body.appendChild(feedbackDiv)
  const getBrowser = ua => {
    if (ua.includes("Chrome")) return "Chrome " + ua.match(/Chrome\/(\d+\.\d+)/)?.[1]
    else if (ua.includes("Firefox")) return "Firefox " + ua.match(/Firefox\/(\d+\.\d+)/)?.[1]
    else if (ua.includes("Safari") && !ua.includes("Chrome")) return "Safari " + ua.match(/Version\/(\d+\.\d+)/)?.[1]
    else if (ua.includes("Edge")) return "Edge " + ua.match(/Edg\/(\d+\.\d+)/)?.[1]
    return "Unknown Unknown"
  }
  const getOs = ua => {
    if (ua.includes("Windows NT")) return "Windows"
    else if (ua.includes("Mac OS X")) return "MacOS"
    else if (ua.includes("Android")) return "Android"
    else if (ua.includes("iPhone") || ua.includes("iPad")) return "iOS"
    return "Unknown OS"
  }
  const getDevice = ua => /Mobile|Android|iPhone|iPad|Tablet/.test(ua) ? "Mobile" : "Desktop"
  const fbIntervalId = setInterval(() => {
    const feedbackLink = document.getElementById("feedback_div_link")
    if (!feedbackLink) return
    const ua = navigator.userAgent
const surveyLink = "https://aldi.co/au-web-survey"
    feedbackLink.setAttribute("href", surveyLink)
    clearInterval(fbIntervalId)
  }, 500)
  setTimeout(() => clearInterval(fbIntervalId), 10000)
})()
</script><script src="https://assets.adobedtm.com/1a449bc36397/be26c5017d5a/fdc5ff246b41/RCbb6a095a8a3a47bd8ae0bb57cdb66a46-source.min.js" async=""></script><script src="https://assets.adobedtm.com/1a449bc36397/be26c5017d5a/fdc5ff246b41/RC4258a470d7a24bedaf51ecad82a64374-source.min.js" async=""></script><script src="https://assets.adobedtm.com/1a449bc36397/be26c5017d5a/fdc5ff246b41/RCc2ab493ce31a45f482c86ec3d86a61b2-source.min.js" async=""></script><script src="https://assets.adobedtm.com/1a449bc36397/be26c5017d5a/fdc5ff246b41/RC78d6d98f17d14083a7cc6f9cf8366f7e-source.min.js" async=""></script><script src="https://assets.adobedtm.com/1a449bc36397/be26c5017d5a/fdc5ff246b41/RC839e826ecd064cbaad5f81ea1c02484c-source.min.js" async=""></script><script src="https://assets.adobedtm.com/1a449bc36397/be26c5017d5a/fdc5ff246b41/RC9705fd594a694235a9cc1f1bb2ae9db1-source.min.js" async=""></script><script src="https://assets.adobedtm.com/1a449bc36397/be26c5017d5a/fdc5ff246b41/RC53355df89f484acb8c07263aa9b3fd42-source.min.js" async=""></script><script src="https://assets.adobedtm.com/1a449bc36397/be26c5017d5a/fdc5ff246b41/RCc637491863ce41d695507bbfe9b913df-source.min.js" async=""></script><script src="https://tags.tiqcdn.com/libs/tealiumjs/latest/tealium_collect.min.js" async=""></script><img width="0" height="0" alt="" src="https://t.teads.tv/track?action=pageView&amp;env=js-web&amp;tag_version=7.6.1_501a20e&amp;provider=tag&amp;buyer_pixel_id=12188&amp;referer=https%3A%2F%2Fwww.aldi.com.au%2Fproducts%3Fpage%3D1&amp;user_session_id=8c7583cb-d6d5-4d76-8862-681ad0fd053e&amp;hasConsent=false&amp;cht=gtm" style="position: absolute;"><script type="text/javascript" charset="utf-8" async="" id="1752462676996428" src="//tags.tiqcdn.com/shared/tms/t.tealium_collect.1_0_3.js"></script><link rel="modulepreload" as="script" crossorigin="" href="https://www.aldi.com.au/_nuxt/NdZ-55yY.js"><link rel="modulepreload" as="script" crossorigin="" href="https://www.aldi.com.au/_nuxt/DvJR1V5Y.js"><link rel="stylesheet" crossorigin="" href="https://www.aldi.com.au/_nuxt/_...B-P0V9eI.css"></head><body class="country-au"><!--teleport start anchor--><div class="toast-overflow" data-test="toast-overflow" role="region"><!--[--><!--]--></div><!--teleport anchor--><div id="__nuxt"><div class="default-layout" style="margin-bottom:0;"><!--teleport start--><!--teleport end--><header class="base-header" style=""><div class="base-feature-bar"><section class="container-layout" style=""><div class="component-layout--wide component-layout"><!--[--><div class="base-feature-bar__prenav"><div class="select-merchant-feature-bar"><!----><span class="select-merchant-feature-bar__non-transactional-text"><span class="base-icon color--white"><svg aria-hidden="true" width="24" height="24" viewBox="0 0 24 24" fill="none" xmlns="http://www.w3.org/2000/svg"><path fill-rule="evenodd" clip-rule="evenodd" d="M5 3.75C5 3.33579 5.33579 3 5.75 3H9.75C10.1642 3 10.5 3.33579 10.5 3.75V4.74976H22.5C22.9142 4.74976 23.25 5.08554 23.25 5.49976C23.25 5.91397 22.9142 6.24976 22.5 6.24976H22V18.2499C22 18.6641 21.6642 18.9999 21.25 18.9999H2.75C2.33579 18.9999 2 18.6641 2 18.2499V9.74732C2 9.33311 2.33579 8.99732 2.75 8.99732C3.16421 8.99732 3.5 9.33311 3.5 9.74732V17.4999H20.5V11.9998H14.5V14.4998C14.5 15.3282 13.8284 15.9998 13 15.9998V11.2498C13 10.8355 13.3358 10.4998 13.75 10.4998H20.5V6.24976H10.5V8.75C10.5 9.16421 10.1642 9.5 9.75 9.5H5.75C5.33579 9.5 5 9.16421 5 8.75V6.24976C4.16667 6.24976 3.33333 6.24951 2.5 6.24951C1.67157 6.24951 1 5.57794 1 4.74951L5 4.74976V3.75ZM6.5 8C6.5 6.83266 6.5 5.66715 6.5 4.5H9V8H6.5Z" fill="currentColor"></path></svg></span> Current store:</span><div class="select-merchant-feature-bar__service-address-wrapper"><button data-mn="merchant-change-button" class="select-merchant-feature-bar__service-address" data-test="selected-merchant-service-address" aria-label="Current store: 2745, Glenmore Park">2745, Glenmore Park</button><!----></div></div><button class="base-feature-bar__help"><span class="base-icon color--white" style=""><!--[--><svg aria-hidden="true" width="24" height="24" viewBox="0 0 24 24" fill="none"><path d="M1.98398 14.588L3.95711 13.3651C4.14316 13.25 4.35758 13.1885 4.57629 13.1885H7.36152V17.2164C7.36152 19.5805 9.2848 21.5038 11.6485 21.5038H19.4228C19.642 21.5038 19.8564 21.5648 20.0425 21.68L22.0156 22.9033C22.4418 23.1676 22.9996 22.8621 22.9996 22.3555V13.6032C22.9996 11.239 21.0763 9.31574 18.7121 9.31574H16.6179C16.6462 9.02012 16.638 9.54906 16.638 1.64453C16.638 1.28875 16.3493 1 15.9935 1H5.28742C2.92328 1.00043 1 2.92371 1 5.28785V14.0402C1 14.5472 1.55773 14.8518 1.98398 14.588ZM16.2848 10.6048H18.7126C20.366 10.6048 21.7109 11.9497 21.7109 13.6032V21.1975L20.7218 20.5843C20.3316 20.3428 19.8826 20.2148 19.4233 20.2148H11.6489C9.99594 20.2148 8.65101 18.8698 8.65101 17.2164V13.1885H12.3511C14.1098 13.1885 15.6244 12.1237 16.2848 10.6048ZM2.28906 5.28785C2.28906 3.63441 3.63398 2.28949 5.28742 2.28949H15.349V8.90109C15.349 10.5541 14.0041 11.899 12.3506 11.899C12.0735 11.899 4.84355 11.899 4.57629 11.899C4.11738 11.899 3.66836 12.0271 3.27777 12.269L2.28906 12.8821V5.28785Z" fill="currentColor"></path></svg><!--]--></span> Help</button><a class="base-feature-bar__skip-link" href="#main">Skip to content</a></div><!--]--></div></section><div class="merchant-alert-wrapper"><div class="merchant-conflict-alert"><div data-v-1ece69d0="" class="overlay" style="display: none;"><div data-v-1ece69d0="" class="overlay__content"><div class="base-modal"><div class="base-modal__outer-wrapper" style="display: none;"><div class="base-modal__wrapper" role="dialog" aria-modal="true" aria-label="How would you like to shop?" aria-description="" tabindex="-1" data-test="base-modal__wrapper"><div class="base-modal__header"><!----><div class="base-modal__header__title"><h2 class="base-modal__headline">How would you like to shop?</h2><!----></div><!----></div><div class="base-modal__body base-modal__body--margin-footer" tabindex="-1" data-test="base-modal__body"><div data-test="aria-announcement" class="sr-only" aria-live="polite" role="status"></div><p class="merchant-conflict-alert__text">You selected a different store than the last time you were logged into your account.</p><div class="merchant-conflict-alert__note"><h2 class="merchant-conflict-alert__note-headline">Please note</h2><ul class="merchant-conflict-alert__note-headline-body"><li>This change may effect product prices and availability.</li><li>Your logged in devices might be effected to this new change.</li></ul></div><h3 class="merchant-conflict-alert__selection-text">Select one and confirm:</h3><div class="merchant-conflict-alert__selection-current-merchant" data-test="merchant-conflict-alert__selection-current-merchant"><div class="base-radio"><input id="current" name="merchant" type="radio" class="base-radio__input" aria-checked="false" aria-disabled="false" value=""><!----><label for="current" class="base-radio__component" data-test="base-radio__component"><div class="merchant-info-container"><div class="merchant-info-container__service" data-test="merchant-info-container__service"><div class="merchant-info-container__service-icon"><span class="base-icon color--secondary-blue-100"><svg aria-hidden="true" xmlns="http://www.w3.org/2000/svg" width="24" height="24" fill="none" viewBox="0 0 24 24"><path fill="currentColor" fill-rule="evenodd" d="M7.25 9V6.75a4.75 4.75 0 0 1 9.5 0V9h3.5a.75.75 0 0 1 .736.897l-1.84 9.196a1.75 1.75 0 0 1-1.715 1.407H6A.75.75 0 0 1 6 19h11.43a.25.25 0 0 0 .245-.201l1.66-8.299H3.75a.75.75 0 0 1 0-1.5h3.5Zm1.5-2.25a3.25 3.25 0 0 1 6.5 0V9h-6.5V6.75Z" clip-rule="evenodd"></path><path fill="currentColor" d="M5 14a1.5 1.5 0 0 1-1.5-1.5h2.75a1.5 1.5 0 0 1 1.5 1.5H5ZM4.25 15.75a1.5 1.5 0 0 0 1.5 1.5H8.5a1.5 1.5 0 0 0-1.5-1.5H4.25Z"></path></svg></span><h2 class="sr-only">Store Selection Bar</h2></div><span class="merchant-info-container__service-name">Click &amp; Collect</span></div><div class="merchant-info-container__merchant-name" data-test="merchant-info-container__merchant-name">ALDI </div><div class="merchant-info-container__address" data-test="merchant-info-container__address"><div class="merchant-info-container__address-line-1"></div><div class="merchant-info-container__address-line-2"></div>  </div></div></label></div></div><div class="merchant-conflict-alert__selection-saved-merchant" data-test="merchant-conflict-alert__selection-saved-merchant"><div class="base-radio"><input id="saved" name="merchant" type="radio" class="base-radio__input" aria-checked="false" aria-disabled="false" value=""><!----><label for="saved" class="base-radio__component" data-test="base-radio__component"><div class="merchant-info-container"><div class="merchant-info-container__service" data-test="merchant-info-container__service"><div class="merchant-info-container__service-icon"><span class="base-icon color--secondary-blue-100"><svg aria-hidden="true" xmlns="http://www.w3.org/2000/svg" width="24" height="24" fill="none" viewBox="0 0 24 24"><path fill="currentColor" fill-rule="evenodd" d="M7.25 9V6.75a4.75 4.75 0 0 1 9.5 0V9h3.5a.75.75 0 0 1 .736.897l-1.84 9.196a1.75 1.75 0 0 1-1.715 1.407H6A.75.75 0 0 1 6 19h11.43a.25.25 0 0 0 .245-.201l1.66-8.299H3.75a.75.75 0 0 1 0-1.5h3.5Zm1.5-2.25a3.25 3.25 0 0 1 6.5 0V9h-6.5V6.75Z" clip-rule="evenodd"></path><path fill="currentColor" d="M5 14a1.5 1.5 0 0 1-1.5-1.5h2.75a1.5 1.5 0 0 1 1.5 1.5H5ZM4.25 15.75a1.5 1.5 0 0 0 1.5 1.5H8.5a1.5 1.5 0 0 0-1.5-1.5H4.25Z"></path></svg></span><h2 class="sr-only">Store Selection Bar</h2></div><span class="merchant-info-container__service-name">Click &amp; Collect</span></div><div class="merchant-info-container__merchant-name" data-test="merchant-info-container__merchant-name">ALDI </div><div class="merchant-info-container__address" data-test="merchant-info-container__address"><div class="merchant-info-container__address-line-1"></div><div class="merchant-info-container__address-line-2"></div>  </div></div></label></div></div></div><div class="base-modal__footer"><button class="base-button base-button--primary-light-background" aria-disabled="true" type="button" data-test="merchant-conflict-alert-confirm-button"><!---->Confirm</button></div></div></div></div></div></div></div><div class="merchant-confirm-default-alert"><div data-v-1ece69d0="" class="overlay" style="display: none;"><div data-v-1ece69d0="" class="overlay__content"><div class="base-modal base-modal--action"><div class="base-modal__outer-wrapper base-modal__outer-wrapper--action" style="display: none;"><div class="base-modal__wrapper base-modal__wrapper--action" role="dialog" aria-modal="true" aria-label="Welcome to Aldi" aria-description="" tabindex="-1" data-test="base-modal__wrapper"><div class="base-modal__header"><div class="injection-merchant-confirm-default-alert__logo" aria-hidden="true"><svg aria-hidden="true" width="184" height="184" viewBox="0 0 184 184" fill="none"><g clip-path="url(#clip0_5294_78591)"><path d="M107.739 122.078C127.516 98.0829 211.942 99.5424 123.896 59.1078C86.5294 41.9473 44.2633 58.1726 30.9329 85.8312C17.6025 113.49 42.4937 161.259 79.5399 179.114C116.586 196.969 86.0816 148.354 107.739 122.078Z" fill="#0079CB"></path><path d="M125.951 59.0111L75.9129 81.89L46.1567 59.9625C46.1567 59.9625 25.5652 44.3202 22.287 41.2683C19.0088 38.2163 18.5084 37.3802 18.5084 37.3802C18.5084 37.3802 26.0725 37.892 35.6926 34.393C45.3128 30.894 49.668 27.9064 49.668 27.9064C49.668 27.9064 55.3632 31.904 66.4941 36.4183C77.625 40.9327 104.759 51.673 125.951 59.0111Z" fill="white"></path><path d="M125.563 92.5566C125.563 92.5566 124.975 67.7268 126.056 59.0409L75.8598 81.8688L74.7709 118.643L125.563 92.5566Z" fill="#F5F5F6"></path><path fill-rule="evenodd" clip-rule="evenodd" d="M126.118 58.9525C126.086 58.929 126.044 58.9246 126.008 58.941L75.8111 81.7689C75.7731 81.7862 75.7482 81.8236 75.747 81.8654L74.658 118.64C74.6569 118.679 74.6763 118.715 74.7091 118.736C74.7418 118.756 74.7831 118.758 74.8176 118.741L125.609 92.6539C125.647 92.6347 125.67 92.5958 125.669 92.5538L125.559 92.5564C125.669 92.5538 125.669 92.5537 125.669 92.5536L125.667 92.4824C125.666 92.4352 125.665 92.365 125.663 92.2731C125.658 92.0891 125.653 91.8182 125.646 91.4704C125.632 90.7746 125.613 89.7709 125.594 88.5393C125.556 86.0762 125.516 82.7015 125.51 79.0556C125.498 71.7607 125.622 63.389 126.162 59.0542C126.167 59.0149 126.15 58.976 126.118 58.9525ZM125.448 92.4904L74.8825 118.461L75.9639 81.9401L125.921 59.2212C125.399 63.6239 125.279 71.8714 125.291 79.0559C125.297 82.7032 125.337 86.0789 125.375 88.5427C125.394 89.7747 125.413 90.7787 125.427 91.4748C125.434 91.8228 125.439 92.0938 125.444 92.2779C125.446 92.3699 125.447 92.4402 125.448 92.4874L125.448 92.4904Z" fill="#101316"></path><path d="M75.7475 81.8877C75.7475 81.8877 22.8415 43.5065 18.5383 37.5151C18.5383 37.5151 22.8937 50.112 22.1129 76.4808L74.6777 118.663" fill="#D6D8DA"></path><path fill-rule="evenodd" clip-rule="evenodd" d="M18.4353 37.5487L18.5388 37.5129C18.4353 37.5487 18.4353 37.5487 18.4353 37.5487L18.4354 37.5492L18.436 37.5508L18.4383 37.5574C18.4403 37.5634 18.4433 37.5724 18.4474 37.5845C18.4555 37.6088 18.4675 37.6454 18.4833 37.6944C18.5147 37.7923 18.5609 37.9397 18.6194 38.1369C18.7365 38.5313 18.9032 39.1248 19.1009 39.9197C19.4962 41.5094 20.0155 43.9048 20.5107 47.1241C21.5009 53.5628 22.3941 63.2976 22.0039 76.4754C22.0029 76.5098 22.0181 76.5426 22.0449 76.5641L74.6097 118.746C74.6569 118.784 74.7259 118.776 74.7637 118.729C74.8016 118.682 74.794 118.613 74.7468 118.575L22.2245 76.4274C22.611 63.2641 21.7181 53.5339 20.7272 47.0909C20.231 43.8649 19.7103 41.463 19.3134 39.8668C19.115 39.0687 18.9475 38.4721 18.8294 38.0745C18.8255 38.0615 18.8217 38.0486 18.8179 38.036C19.4851 38.8044 20.6382 39.8929 22.1605 41.2223C24.0207 42.8467 26.4418 44.8386 29.2249 47.0594C34.7912 51.5011 41.8089 56.8612 48.6914 62.0336C55.574 67.206 62.3221 72.1911 67.3494 75.8831C69.8631 77.7291 71.9467 79.2519 73.4018 80.3131C74.1294 80.8437 74.6998 81.259 75.0884 81.5416C75.2827 81.6829 75.4315 81.791 75.5318 81.8639L75.6831 81.9737C75.6835 81.974 75.6837 81.9742 75.7418 81.8942L75.6837 81.9742C75.7327 82.0097 75.8012 81.9988 75.8367 81.9498C75.8722 81.9009 75.8613 81.8324 75.8124 81.7969L75.7544 81.8768C75.8124 81.7969 75.8122 81.7967 75.8118 81.7964L75.6605 81.6866C75.5603 81.6138 75.4115 81.5057 75.2173 81.3644C74.8288 81.0819 74.2584 80.6667 73.5309 80.1361C72.0759 79.075 69.9926 77.5524 67.4791 75.7066C62.4521 72.0149 55.7047 67.0302 48.823 61.8584C41.941 56.6866 34.9253 51.328 29.3615 46.8882C26.5795 44.6682 24.1613 42.6786 22.3046 41.0573C20.4443 39.4328 19.157 38.1859 18.6278 37.4491C18.596 37.4049 18.5367 37.3907 18.4884 37.4157C18.4402 37.4407 18.4175 37.4973 18.4353 37.5487Z" fill="#101316"></path><path fill-rule="evenodd" clip-rule="evenodd" d="M49.7964 27.7639C49.7606 27.73 49.7067 27.7243 49.6645 27.7497L49.7212 27.8435C49.6645 27.7497 49.6645 27.7498 49.6644 27.7498L49.6638 27.7502L49.6523 27.7571C49.6441 27.762 49.6318 27.7694 49.6155 27.7791C49.5829 27.7985 49.5342 27.8274 49.4701 27.8651C49.3419 27.9406 49.152 28.0511 48.9057 28.1916C48.413 28.4725 47.6948 28.8729 46.7929 29.3505C44.9891 30.3059 42.4513 31.5701 39.5155 32.8051C33.6395 35.2768 26.1856 37.6246 19.833 37.1611C19.7727 37.1567 19.7202 37.2021 19.7158 37.2624C19.7114 37.3227 19.7567 37.3752 19.8171 37.3796C26.224 37.847 33.7182 35.4814 39.6004 33.007C42.5436 31.7689 45.0874 30.5017 46.8955 29.5441C47.7995 29.0653 48.5198 28.6638 49.0142 28.3819C49.2614 28.2409 49.4521 28.1298 49.5811 28.054C49.6333 28.0233 49.6754 27.9984 49.707 27.9795C50.3262 28.54 51.8131 29.5583 54.0504 30.793C56.3682 32.0723 59.4987 33.5878 63.3211 35.0724C63.3775 35.0943 63.4409 35.0664 63.4628 35.01C63.4847 34.9536 63.4568 34.8902 63.4004 34.8683C59.5871 33.3871 56.4654 31.8757 54.1562 30.6013C51.8438 29.325 50.3533 28.2903 49.7964 27.7639ZM104.048 51.1138C104.028 51.1709 104.058 51.2333 104.115 51.2532C109.946 53.2813 115.409 55.2464 119.416 56.7045C121.419 57.4335 123.058 58.0358 124.195 58.4557C124.764 58.6657 125.208 58.8302 125.51 58.9421C125.66 58.9981 125.776 59.0409 125.853 59.0698L125.968 59.1127L125.97 59.1133L125.97 59.1134C125.97 59.1134 125.97 59.1134 126.009 59.0108C126.047 58.9082 126.047 58.9082 126.047 58.9082L126.046 58.908L125.929 58.8645C125.852 58.8356 125.737 58.7927 125.586 58.7368C125.284 58.6248 124.84 58.4603 124.271 58.2503C123.133 57.8302 121.494 57.2278 119.491 56.4986C115.484 55.0403 110.019 53.0749 104.187 51.0463C104.13 51.0264 104.068 51.0566 104.048 51.1138ZM126.111 59.0491C126.132 58.9924 126.104 58.9294 126.047 58.9082L126.009 59.0108L125.97 59.1134C126.027 59.1346 126.09 59.1058 126.111 59.0491Z" fill="#101316"></path><path d="M122.174 94.1677C122.174 94.1677 121.685 75.5737 122.81 65.6002L79.7531 85.0183C79.7531 85.0183 80.3107 98.5194 79.35 116.182" fill="#EEF1F9"></path><path fill-rule="evenodd" clip-rule="evenodd" d="M122.943 65.421L79.643 84.9486L79.646 85.0225L79.7554 85.018C79.646 85.0225 79.646 85.0226 79.646 85.0227L79.646 85.0231L79.6476 85.0616C79.6485 85.0846 79.6498 85.1177 79.6514 85.1607L79.652 85.178C79.6559 85.2811 79.6614 85.4346 79.6681 85.6363C79.6814 86.0396 79.6994 86.6357 79.7181 87.4062C79.7553 88.9472 79.795 91.186 79.8046 93.9768C79.8239 99.5583 79.7232 107.347 79.243 116.176C79.2397 116.236 79.286 116.288 79.3464 116.291C79.4068 116.294 79.4584 116.248 79.4617 116.188C79.9422 107.354 80.043 99.5607 80.0237 93.976C80.014 91.1836 79.9743 88.9433 79.937 87.4009C79.9184 86.6297 79.9004 86.033 79.887 85.629C79.8803 85.427 79.8748 85.2732 79.8709 85.1699C79.8697 85.1374 79.8687 85.1099 79.8678 85.0875L122.682 65.7788C122.136 70.7621 121.981 77.8029 121.963 83.6234C121.954 86.5718 121.98 89.2084 122.008 91.1079C122.022 92.0576 122.037 92.8232 122.048 93.3513C122.053 93.6153 122.058 93.82 122.061 93.9588C122.063 94.0281 122.064 94.081 122.065 94.1165L122.067 94.1701C122.067 94.1702 122.067 94.1703 122.176 94.1674C122.286 94.1645 122.286 94.1645 122.286 94.1643L122.284 94.111C122.283 94.0756 122.282 94.0228 122.28 93.9535C122.277 93.815 122.272 93.6105 122.267 93.3466C122.256 92.8189 122.241 92.0539 122.227 91.1046C122.199 89.2061 122.173 86.5708 122.182 83.6241C122.2 77.729 122.359 70.5924 122.921 65.6123L122.943 65.421ZM122.176 94.1674L122.286 94.1645C122.287 94.225 122.239 94.2753 122.179 94.2769C122.119 94.2785 122.068 94.2307 122.067 94.1703L122.176 94.1674Z" fill="#101316"></path><path d="M111.979 80.9288C115.643 83.7154 118.524 85.9859 119.049 85.2978C119.573 84.6097 117.542 81.2235 113.878 78.4369C110.214 75.6503 109.974 76.1657 109.45 76.8538C108.925 77.542 108.315 78.1422 111.979 80.9288Z" fill="#F8F8F8"></path><path d="M106.159 85.4727C112.917 90.6122 118.263 94.7575 118.787 94.0694C119.312 93.3813 114.816 88.1203 108.058 82.9808C101.301 77.8412 101.142 78.4188 100.618 79.1069C100.093 79.795 99.4017 80.3331 106.159 85.4727Z" fill="#F8F8F8"></path><path fill-rule="evenodd" clip-rule="evenodd" d="M102.756 76.9722C102.759 76.0698 102.762 75.2866 102.762 74.6455L102.981 74.6455C102.981 75.2874 102.978 76.0713 102.975 76.9742C102.953 82.9591 102.911 94.1725 103.571 103.921L103.353 103.935C102.692 94.1785 102.734 82.9559 102.756 76.9722Z" fill="#101316"></path><path d="M71.3152 85.1303L70.4597 110.508C70.4597 110.508 58.2268 100.128 53.1629 97.0058L52.4156 71.935L71.3152 85.1303Z" fill="#FFC800"></path><path fill-rule="evenodd" clip-rule="evenodd" d="M52.2983 71.7203L53.0538 97.0678L53.104 97.0988C55.6289 98.6556 59.9476 102.026 63.64 105.013C65.4851 106.505 67.172 107.899 68.3977 108.921C69.0105 109.432 69.508 109.849 69.8523 110.139C70.0244 110.284 70.1582 110.397 70.249 110.474C70.2944 110.512 70.329 110.542 70.3523 110.561L70.3869 110.591L70.3873 110.591C70.3874 110.591 70.3875 110.591 70.4583 110.508L70.3875 110.591L70.5601 110.738L71.4253 85.0743L52.2983 71.7203ZM70.3565 110.278C70.2674 110.203 70.1453 110.1 69.9933 109.972C69.6488 109.682 69.1511 109.264 68.5379 108.753C67.3117 107.731 65.6239 106.335 63.7777 104.842C60.1119 101.878 55.8148 98.5222 53.2692 96.9434L52.5302 72.1494L71.2024 85.1858L70.3565 110.278Z" fill="#101316"></path><path d="M69.4838 86.3282L68.9416 107.133C68.9416 107.133 58.6464 98.8632 54.4263 96.2472L53.8894 75.4406L69.4838 86.3282Z" fill="#FF7800"></path><path d="M67.8956 87.1592L67.5921 103.926C67.5921 103.926 61.3474 98.6944 56.0303 95.3189L55.5055 78.5087L67.8956 87.1592Z" fill="#0D3A93"></path><path fill-rule="evenodd" clip-rule="evenodd" d="M90.4919 0.274441C86.1764 0.285569 81.7015 2.42595 78.5596 6.35342C74.7105 11.1821 74.5244 17.4779 75.9717 23.4898C79.5959 38.5448 90.6294 62.5903 90.6294 62.5903C90.6294 62.5903 101.655 38.1725 105.132 23.4064C106.547 17.3948 106.321 11.1006 102.447 6.29182C99.2932 2.38058 94.8073 0.263313 90.4919 0.274441ZM89.1386 12.835C88.5871 12.5563 87.978 12.4113 87.3604 12.4118C86.5762 12.4139 85.8102 12.6492 85.1593 13.0882C84.5084 13.5271 84.0018 14.1498 83.7035 14.8777C83.4052 15.6055 83.3287 16.4058 83.4836 17.1773C83.6385 17.9487 84.0179 18.6568 84.5737 19.212L90.5652 25.1931L96.5258 19.1812C96.9101 18.7941 97.2107 18.3316 97.4088 17.8227C97.6069 17.3137 97.6983 16.7692 97.6772 16.2232C97.6561 15.6772 97.5231 15.1414 97.2863 14.6494C97.0496 14.1573 96.7142 13.7196 96.3012 13.3635C95.8883 13.0074 95.4065 12.7406 94.8862 12.5798C94.3658 12.419 93.818 12.3676 93.2769 12.4289C92.7359 12.4902 92.2132 12.6628 91.7417 12.936C91.2702 13.2092 90.8598 13.5771 90.5364 14.0166C90.169 13.5185 89.6902 13.1138 89.1386 12.835Z" fill="#0D3A93"></path><path fill-rule="evenodd" clip-rule="evenodd" d="M102.533 6.22482C99.3597 2.28959 94.8432 0.155443 90.4922 0.166663C86.1412 0.177882 81.6358 2.33531 78.4747 6.28675L78.4746 6.28689C74.5953 11.1534 74.4148 17.4899 75.8658 23.5172C77.68 31.0533 81.3472 40.8349 84.5588 48.7287C86.165 52.6764 87.6578 56.1535 88.7491 58.6437C89.2948 59.8888 89.7401 60.8872 90.049 61.5743C90.2034 61.9179 90.3238 62.1837 90.4055 62.3636C90.4464 62.4536 90.4776 62.5221 90.4986 62.5681L90.53 62.6366L90.5304 62.6374C90.5304 62.6375 90.5305 62.6376 90.5574 62.6253L90.5305 62.6377C90.5484 62.6767 90.5874 62.7017 90.6304 62.7016C90.6733 62.7014 90.7122 62.6762 90.7299 62.6371L90.63 62.592C90.7299 62.6371 90.7299 62.637 90.73 62.6368L90.7304 62.636L90.7617 62.5664C90.7827 62.5197 90.8139 62.4502 90.8547 62.3589C90.9363 62.1764 91.0565 61.9067 91.2107 61.5583C91.5191 60.8615 91.9635 59.8497 92.5077 58.5895C93.5959 56.0689 95.0831 52.5544 96.679 48.5782C99.8701 40.6276 103.498 30.825 105.239 23.4332C106.658 17.4061 106.437 11.0712 102.533 6.22482ZM90.6292 62.3264C90.6216 62.3096 90.6135 62.2918 90.605 62.273C90.5233 62.0933 90.4031 61.8278 90.2488 61.4845C89.9401 60.7979 89.4951 59.8001 88.9497 58.5557C87.859 56.0669 86.367 52.5917 84.7617 48.6461C81.5505 40.7534 77.8888 30.9848 76.0788 23.4659C74.6352 17.4694 74.8269 11.2143 78.6459 6.4235C81.7686 2.52004 86.213 0.396745 90.4928 0.38571C94.7726 0.374673 99.2279 2.47506 102.362 6.36232C106.206 11.1335 106.437 17.387 105.026 23.383C103.289 30.7574 99.6666 40.5468 96.4757 48.4966C94.8807 52.4706 93.3942 55.9834 92.3065 58.5026C91.7627 59.7622 91.3186 60.7734 91.0104 61.4697C90.8564 61.8178 90.7363 62.0872 90.6547 62.2695C90.6458 62.2895 90.6373 62.3085 90.6292 62.3264ZM94.9191 12.4769C94.3843 12.3116 93.8213 12.2588 93.2652 12.3218C92.7091 12.3848 92.172 12.5623 91.6874 12.843C91.2447 13.0995 90.8545 13.4372 90.5369 13.8381C90.1722 13.3788 89.7124 13.0037 89.1887 12.739C88.6218 12.4526 87.9957 12.3036 87.361 12.304L87.3608 12.304C86.5548 12.3061 85.7676 12.548 85.0987 12.9991C84.4298 13.4501 83.9092 14.09 83.6028 14.8379C83.2963 15.5857 83.2177 16.4079 83.3769 17.2006C83.536 17.9932 83.9258 18.7208 84.497 19.2912L90.4885 25.2723C90.5091 25.2929 90.537 25.3044 90.5661 25.3043C90.5952 25.3043 90.6231 25.2926 90.6436 25.2719L96.6041 19.2601C96.999 18.8623 97.3079 18.3871 97.5115 17.8641C97.7151 17.3412 97.8089 16.7817 97.7873 16.2207C97.7656 15.6597 97.6289 15.1092 97.3857 14.6036C97.1424 14.098 96.7978 13.6482 96.3734 13.2823C95.949 12.9163 95.4539 12.6421 94.9191 12.4769ZM93.2899 12.5395C93.8159 12.4799 94.3485 12.5298 94.8545 12.6861C95.3604 12.8425 95.8288 13.1019 96.2304 13.4482C96.6319 13.7944 96.958 14.2201 97.1883 14.6986C97.4185 15.1771 97.5479 15.6982 97.5684 16.2292C97.5889 16.7602 97.5 17.2897 97.3074 17.7847C97.1147 18.2796 96.8224 18.7294 96.4487 19.1057L90.5654 25.0397L84.6517 19.1362C84.1112 18.5964 83.7423 17.9078 83.5916 17.1574C83.441 16.4071 83.5154 15.6288 83.8055 14.9209C84.0956 14.2131 84.5882 13.6075 85.2212 13.1807C85.8541 12.754 86.5988 12.5251 87.3612 12.5231C87.9615 12.5226 88.5536 12.6636 89.0899 12.9345C89.6262 13.2055 90.0916 13.599 90.4489 14.0834C90.4695 14.1114 90.5023 14.1279 90.5371 14.1279C90.5719 14.1279 90.6046 14.1113 90.6252 14.0833C90.9398 13.6559 91.3388 13.2982 91.7972 13.0325C92.2557 12.7669 92.7639 12.5991 93.2899 12.5395Z" fill="#101316"></path></g><defs><clipPath id="clip0_5294_78591"><rect width="184" height="184" fill="white" transform="matrix(-1 0 0 1 184 0)"></rect></clipPath></defs></svg></div><div class="base-modal__header__title"><h2 class="base-modal__headline">Welcome to Aldi</h2><!----></div><!----></div><div class="base-modal__body base-modal__body--margin-footer" tabindex="-1" data-test="base-modal__body"><div data-test="aria-announcement" class="sr-only" aria-live="polite" role="status"></div><p>We assigned you a store and a service to shop from:</p><div class="merchant-confirm-default-alert__merchant-data" data-test="merchant-confirm-default-alert__merchant-data"><div class="base-radio"><input id="merchant" name="merchant" type="radio" class="base-radio__input" checked="" aria-checked="true" aria-disabled="false" value=""><!----><label for="merchant" class="base-radio__component" data-test="base-radio__component"><div class="merchant-info-container"><div class="merchant-info-container__service" data-test="merchant-info-container__service"><div class="merchant-info-container__service-icon"><!----><h2 class="sr-only">Store Selection Bar</h2></div><span class="merchant-info-container__service-name">Click &amp; Collect</span></div><div class="merchant-info-container__merchant-name" data-test="merchant-info-container__merchant-name">ALDI Glenmore Park</div><div class="merchant-info-container__address" data-test="merchant-info-container__address"><div class="merchant-info-container__address-line-1">1 Town Terrace</div><div class="merchant-info-container__address-line-2"></div> Glenmore Park, NSW 2745</div></div></label></div></div></div><div class="base-modal__footer"><div class="button-list button-list--full-width button-list--reverse-order-above-mobile" data-test="button-list"><button class="base-button base-button--secondary-light-background" aria-disabled="false" type="button" data-mn="merchant-confirm-change"><!---->Change</button><button class="base-button base-button--secondary-light-background" aria-disabled="false" type="button" data-mn="merchant-confirm-keep-selection"><!---->Keep Selection</button></div></div></div></div></div></div></div></div><div class="change-merchant-alert"><div data-v-1ece69d0="" class="overlay" tabindex="-1" style="display: none;"><div data-v-1ece69d0="" class="overlay__content"><div class="base-modal"><div class="base-modal__outer-wrapper" style="display: none;"><div class="base-modal__wrapper" role="dialog" aria-modal="true" aria-label="Change store" aria-description="" tabindex="-1" data-test="base-modal__wrapper"><div class="base-modal__header"><!----><div class="base-modal__header__title"><h2 class="base-modal__headline">Change store</h2><!----></div><!----></div><div class="base-modal__body base-modal__body--closeable base-modal__body--margin-footer" tabindex="-1" data-test="base-modal__body"><div data-test="aria-announcement" class="sr-only" aria-live="polite" role="status"></div><p>Please be aware our assortment may be different with the new store selection and might affect the products &amp; prices displayed.</p></div><div class="base-modal__footer"><div class="button-list button-list--full-width button-list--reverse-order-above-mobile" data-test="button-list"><button class="base-button base-button--primary-light-background" aria-disabled="false" type="button" data-mn="merchant-change-confirm" data-test="change-merchant-alert_btn-confirm"><!---->Proceed to store selector</button><button class="base-button base-button--secondary-light-background change-merchant-alert__btn-cancel" aria-disabled="false" type="button" data-test="change-merchant-alert_btn-cancel"><!---->Cancel</button></div></div></div></div></div></div></div></div><div class="may-lose-cart-items-alert"><div data-v-1ece69d0="" class="overlay" tabindex="-1" style="display: none;"><div data-v-1ece69d0="" class="overlay__content"><div class="base-modal base-modal--action"><div class="base-modal__outer-wrapper base-modal__outer-wrapper--action" style="display: none;"><div class="base-modal__wrapper base-modal__wrapper--action" role="dialog" aria-modal="true" aria-label="Some products are not available" aria-description="" tabindex="-1" data-test="base-modal__wrapper"><div class="base-modal__header"><!----><div class="base-modal__header__title"><h2 class="base-modal__headline">Some products are not available</h2><!----></div><!----></div><div class="base-modal__body base-modal__body--margin-footer" tabindex="-1" data-test="base-modal__body"><div data-test="aria-announcement" class="sr-only" aria-live="polite" role="status"></div><div class="may-lose-cart-items-alert__description"><p class="may-lose-cart-items-alert__description__headline">You selected a different store or service that cannot provide some products in your cart.</p><p class="may-lose-cart-items-alert__description__alert">Please note</p><ul><li>The following products will be removed from your cart</li></ul></div><div class="may-lose-cart-items-alert__products-container"></div></div><div class="base-modal__footer"><div class="button-list button-list--full-width button-list--reverse-order-above-mobile" data-test="button-list"><button class="base-button base-button--secondary-light-background button-list__button" aria-disabled="false" type="button"><!---->Accept and Continue</button><!----></div></div></div></div></div></div></div></div></div></div><div id="header" class="base-page-header"><section class="container-layout" style=""><div class="component-layout--wide component-layout"><!--[--><div class="base-page-header__head"><div class="base-page-header__head-left"><!----><a href="/" class="base-link header-logo base-page-header__logo-aldi" aria-label="ALDI Homepage" data-track-type="internal" draggable="false" data-test="base-page-header-logo-aldi"><!--[--><img class="base-image logo-aldi" src="https://dm.apac.cms.aldi.cx/is/content/aldiprodapac/ALDI_Masterbrand_Logo_FullColor_V7" alt="" onerror="this.setAttribute('data-error', 1)" data-test="logo-aldi"><!--]--></a></div><div class="base-page-header__head-nav"><nav id="navigation" aria-label="Navigation" class="base-navigation-wrapper base-page-header__main-navigation"><div class="base-navigation"><div class="base-navigation__body"><ul class="base-navigation__list"><!--[--><li class="base-navigation__item"><button aria-haspopup="true" aria-expanded="false" class="base-navigation__link">Special Buys <span class="base-icon base-navigation__submenu-indicator" style=""><!--[--><svg aria-hidden="true" xmlns="http://www.w3.org/2000/svg" width="24" height="24" viewBox="0 0 24 24" fill="none"><path fill="currentColor" d="M18.379 9.06a1.5 1.5 0 0 1 2.121 0l-1.824 1.824a.616.616 0 0 1-.02.022L12.53 17.03a.75.75 0 0 1-1.06 0l-6.125-6.125a.775.775 0 0 1-.021-.022L3.5 9.06a1.5 1.5 0 0 1 2.121 0L12 15.44l6.379-6.38Z"></path></svg><!--]--></span></button></li><li class="base-navigation__item"><button aria-haspopup="true" aria-expanded="false" class="base-navigation__link">Catalogue <span class="base-icon base-navigation__submenu-indicator" style=""><!--[--><svg aria-hidden="true" xmlns="http://www.w3.org/2000/svg" width="24" height="24" viewBox="0 0 24 24" fill="none"><path fill="currentColor" d="M18.379 9.06a1.5 1.5 0 0 1 2.121 0l-1.824 1.824a.616.616 0 0 1-.02.022L12.53 17.03a.75.75 0 0 1-1.06 0l-6.125-6.125a.775.775 0 0 1-.021-.022L3.5 9.06a1.5 1.5 0 0 1 2.121 0L12 15.44l6.379-6.38Z"></path></svg><!--]--></span></button></li><li class="base-navigation__item"><button aria-haspopup="true" aria-expanded="false" class="active base-navigation__link">Groceries <span class="base-icon base-navigation__submenu-indicator" style=""><!--[--><svg aria-hidden="true" xmlns="http://www.w3.org/2000/svg" width="24" height="24" viewBox="0 0 24 24" fill="none"><path fill="currentColor" d="M18.379 9.06a1.5 1.5 0 0 1 2.121 0l-1.824 1.824a.616.616 0 0 1-.02.022L12.53 17.03a.75.75 0 0 1-1.06 0l-6.125-6.125a.775.775 0 0 1-.021-.022L3.5 9.06a1.5 1.5 0 0 1 2.121 0L12 15.44l6.379-6.38Z"></path></svg><!--]--></span></button></li><li class="base-navigation__item"><button aria-haspopup="true" aria-expanded="false" class="base-navigation__link">Recipes <span class="base-icon base-navigation__submenu-indicator" style=""><!--[--><svg aria-hidden="true" xmlns="http://www.w3.org/2000/svg" width="24" height="24" viewBox="0 0 24 24" fill="none"><path fill="currentColor" d="M18.379 9.06a1.5 1.5 0 0 1 2.121 0l-1.824 1.824a.616.616 0 0 1-.02.022L12.53 17.03a.75.75 0 0 1-1.06 0l-6.125-6.125a.775.775 0 0 1-.021-.022L3.5 9.06a1.5 1.5 0 0 1 2.121 0L12 15.44l6.379-6.38Z"></path></svg><!--]--></span></button></li><li class="base-navigation__item"><button aria-haspopup="true" aria-expanded="false" class="base-navigation__link">Services <span class="base-icon base-navigation__submenu-indicator" style=""><!--[--><svg aria-hidden="true" xmlns="http://www.w3.org/2000/svg" width="24" height="24" viewBox="0 0 24 24" fill="none"><path fill="currentColor" d="M18.379 9.06a1.5 1.5 0 0 1 2.121 0l-1.824 1.824a.616.616 0 0 1-.02.022L12.53 17.03a.75.75 0 0 1-1.06 0l-6.125-6.125a.775.775 0 0 1-.021-.022L3.5 9.06a1.5 1.5 0 0 1 2.121 0L12 15.44l6.379-6.38Z"></path></svg><!--]--></span></button></li><!--]--></ul></div></div><!----></nav></div><div class="base-page-header__head-search"><div class="header-search-field"><div class="header-search-field__input-wrapper"><!----><div class="base-input header-search-field__input" data-mn="product-search-input"><label for="search-bar-input"><span class="sr-only base-input__label--clickable base-input__label"><span>Search</span><!----><!----></span></label><span class="base-input__wrapper"><!----><input id="search-bar-input" rows="1" data-pii="false" data-pii-attribute="" name="search-bar-input" autocomplete="off" auto-correct="on" spell-check="true" class="base-input__element has-icon-before-end" type="text" value="" placeholder="Search products" role=""><span class="header-search-field__delete-icon-container base-input__icon base-input__icon-before-end"><!--[--><button style="display:none;" id="search-bar-input-clear" disabled="" aria-label="Clear query" class="header-search-field__delete-icon"><span class="base-icon color--secondary-blue-100" style="" data-test="base-icon_close"><!--[--><svg aria-hidden="true" xmlns="http://www.w3.org/2000/svg" width="24" height="24" fill="none" viewBox="0 0 24 24"><path fill="currentColor" d="M5.495 4.435a1.5 1.5 0 0 0 0 2.12l3.942 3.943a.75.75 0 1 0 1.061-1.06L6.556 5.494l-.008-.007-1.053-1.053ZM12 13.06l-5.22 5.22-.011.011-1.274 1.274a1.5 1.5 0 0 1 0-2.122L16.381 6.558l-.002-.002 2.122-2.121a1.5 1.5 0 0 1 0 2.12l-.322.323a.736.736 0 0 1-.041.044L13.06 12l5.13 5.128.04.044.27.271a1.5 1.5 0 0 1 0 2.122l-2.12-2.122.001-.001L12 13.06Z"></path></svg><!--]--></span></button><!--]--></span><button class="header-search-field__search-icon base-input__icon base-input__icon-end" type="button"><!--[--><span class="sr-only">Search</span><span class="base-icon color--black header-search-field__search-icon" style="" data-test="base-icon_magnifier"><!--[--><svg aria-hidden="true" xmlns="http://www.w3.org/2000/svg" width="24" height="24" fill="none" viewBox="0 0 24 24"><path fill="currentColor" fill-rule="evenodd" d="M10 3a7 7 0 1 0 0 14 7 7 0 0 0 0-14ZM6.11 6.11a5.5 5.5 0 1 1 7.78 7.78 5.5 5.5 0 0 1-7.78-7.78Z" clip-rule="evenodd"></path><path fill="currentColor" d="M16.595 17.656 15.5 16.56a1.5 1.5 0 0 1 2.121 0l1.909 1.909.006.006 1.15 1.149a1.5 1.5 0 0 1-2.122 0l-1.961-1.961a.566.566 0 0 1-.008-.008Z"></path></svg><!--]--></span><!--]--></button></span><!----></div></div><div class="search-flyout__wrapper" style="display:none;"><div class="search-flyout"><section class="search-content" aria-labelledby="search-content-heading"><div style="display:none;" class="search-content__content"><div class="loading-indicator search-content__spinner-logo"><img class="loading-indicator__image" src="/_nuxt/aldi_logo_animation.BFzzbf5F.gif" alt="loading..."></div></div><p id="search-content-heading" class="sr-only">Search Results</p><!----><section class="search-content__content"><div class="search-history" aria-label="search-history" role="region" style="display: none;"><h4 class="search-history__title">Recent Searches</h4><ul class="search-history__content" role="list"></ul><button class="base-button base-button--text-button search-history__delete" aria-disabled="false" type="button" data-test="searchHistoryListButtonDelete"><!---->Delete Search History</button><p role="status" class="sr-only"></p></div></section><!----><!----></section></div></div></div></div><div class="base-page-header__head-right"><!----><!----><!----></div></div><!----><!--]--></div></section></div><ul class="base-navigation-tree"><li id="base-navigation-tree__categories"><a href="/products">Groceries</a><!--[--><ul><li><a href="/products/super-savers/super-savers/k/1588161407991418">Super Savers</a><!----></li></ul><ul><li><a href="/products/limited-time-only/k/1588161420755352">Limited Time Only</a><!----></li></ul><ul><li><a href="/products/fruits-vegetables/k/950000000">Fruits &amp; Vegetables</a><ul><!--[--><li><a href="/products/fruits-vegetables/fresh-fruits/k/1111111152">Fresh Fruits</a></li><li><a href="/products/fruits-vegetables/fresh-vegetables/k/1111111153">Fresh Vegetables</a></li><li><a href="/products/fruits-vegetables/salads/k/1111111154">Salads</a></li><li><a href="/products/fruits-vegetables/prepared-vegetables/k/1111111155">Prepared Vegetables</a></li><li><a href="/products/fruits-vegetables/fresh-herbs/k/1111111156">Fresh Herbs</a></li><!--]--></ul></li></ul><ul><li><a href="/products/meat-seafood/k/940000000">Meat &amp; Seafood</a><ul><!--[--><li><a href="/products/meat-seafood/beef/k/1111111144">Beef</a></li><li><a href="/products/meat-seafood/pork/k/1111111145">Pork</a></li><li><a href="/products/meat-seafood/poultry/k/1111111146">Poultry</a></li><li><a href="/products/meat-seafood/sausage/k/1111111147">Sausage</a></li><li><a href="/products/meat-seafood/seafood/k/1111111148">Seafood</a></li><li><a href="/products/meat-seafood/lamb/k/1111111149">Lamb</a></li><!--]--></ul></li></ul><ul><li><a href="/products/deli-chilled-meats/k/930000000">Deli &amp; Chilled Meats</a><ul><!--[--><li><a href="/products/deli-chilled-meats/deli-meats/k/1111111137">Deli Meats</a></li><li><a href="/products/deli-chilled-meats/dips-spreads/k/1111111138">Dips &amp; Spreads</a></li><li><a href="/products/deli-chilled-meats/antipasto/k/1111111140">Antipasto</a></li><li><a href="/products/deli-chilled-meats/lunch-box/k/1111111141">Lunch Box</a></li><li><a href="/products/deli-chilled-meats/vegetarian-vegan/k/1588161407775081">Vegetarian &amp; Vegan</a></li><!--]--></ul></li></ul><ul><li><a href="/products/dairy-eggs-fridge/k/960000000">Dairy, Eggs &amp; Fridge</a><ul><!--[--><li><a href="/products/dairy-eggs-fridge/milk/k/1111111160">Milk</a></li><li><a href="/products/dairy-eggs-fridge/long-life-milk/k/1111111161">Long Life Milk</a></li><li><a href="/products/dairy-eggs-fridge/eggs/k/1111111162">Eggs</a></li><li><a href="/products/dairy-eggs-fridge/cheese/k/1111111163">Cheese</a></li><li><a href="/products/dairy-eggs-fridge/creams-custards/k/1111111165">Creams &amp; Custards</a></li><li><a href="/products/dairy-eggs-fridge/butter-margarine/k/1111111166">Butter &amp; Margarine</a></li><li><a href="/products/dairy-eggs-fridge/lunch-box/k/1111111167">Lunch Box</a></li><li><a href="/products/dairy-eggs-fridge/desserts/k/1588161408332096">Desserts</a></li><li><a href="/products/dairy-eggs-fridge/ready-to-eat-meals/k/1588161408332097">Ready to Eat Meals</a></li><li><a href="/products/dairy-eggs-fridge/yoghurt/k/1111111164">Yogurt</a></li><li><a href="/products/dairy-eggs-fridge/meal-kits/k/1588161424169216">Meal Kits</a></li><!--]--></ul></li></ul><ul><li><a href="/products/pantry/k/970000000">Pantry</a><ul><!--[--><li><a href="/products/pantry/jams-spreads/k/1111111170">Jams &amp; Spreads</a></li><li><a href="/products/pantry/canned-food/k/1111111171">Canned Food</a></li><li><a href="/products/pantry/oils-vinegars/k/1111111172">Oils &amp; Vinegars</a></li><li><a href="/products/pantry/sauces/k/1111111173">Sauces</a></li><li><a href="/products/pantry/herbs-spices/k/1111111174">Herbs &amp; Spices</a></li><li><a href="/products/pantry/tea-coffee-hot-chocolate/k/1111111175">Tea, Coffee &amp; Hot Chocolate</a></li><li><a href="/products/pantry/stocks-gravy/k/1111111176">Stocks &amp; Gravy</a></li><li><a href="/products/pantry/condiments-dressings/k/1111111178">Condiments &amp; Dressings</a></li><li><a href="/products/pantry/pasta-rice-grains/k/1111111179">Pasta, Rice &amp; Grains</a></li><li><a href="/products/pantry/cereals-muesli/k/1111111180">Cereals &amp; Muesli</a></li><li><a href="/products/pantry/confectionery/k/1111111181">Confectionery</a></li><li><a href="/products/pantry/crackers-crisp-breads/k/1111111182">Crackers &amp; Crisp Breads</a></li><li><a href="/products/pantry/chips-corn-chips-other/k/1111111183">Chips, Corn Chips &amp; Other</a></li><li><a href="/products/pantry/biscuit-cookies/k/1111111184">Biscuit &amp; Cookies</a></li><li><a href="/products/pantry/lunch-box/k/1111111185">Lunch Box</a></li><li><a href="/products/pantry/dried-fruits-nuts-jerky/k/1111111186">Dried Fruits, Nuts &amp; Jerky</a></li><li><a href="/products/pantry/health-foods/k/1111111187">Health Foods</a></li><li><a href="/products/pantry/soups-noodles/k/1111111188">Soups &amp; Noodles</a></li><li><a href="/products/pantry/baking/k/1588161407775080">Baking</a></li><li><a href="/products/pantry/meal-kits/k/1588161424169215">Meal Kits</a></li><!--]--></ul></li></ul><ul><li><a href="/products/bakery/k/920000000">Bakery</a><ul><!--[--><li><a href="/products/bakery/muffins-cakes-other/k/1111111131">Muffins, Cakes &amp; Other</a></li><li><a href="/products/bakery/sliced-breads/k/1111111132">Sliced Breads</a></li><li><a href="/products/bakery/speciality-breads-rolls/k/1111111133">Speciality Breads &amp; Rolls</a></li><!--]--></ul></li></ul><ul><li><a href="/products/freezer/k/980000000">Freezer</a><ul><!--[--><li><a href="/products/freezer/chips-wedges/k/1111111191">Chips &amp; Wedges</a></li><li><a href="/products/freezer/frozen-fruit-vegetables/k/1111111192">Frozen Fruit &amp; Vegetables</a></li><li><a href="/products/freezer/ice-cream-snacks/k/1111111193">Ice Cream Snacks</a></li><li><a href="/products/freezer/ice-cream-tubs/k/1111111194">Ice Cream Tubs</a></li><li><a href="/products/freezer/frozen-desserts/k/1111111195">Frozen Desserts</a></li><li><a href="/products/freezer/frozen-pizzas/k/1111111196">Frozen Pizzas</a></li><li><a href="/products/freezer/frozen-meat-seafood/k/1111111197">Frozen Meat &amp; Seafood</a></li><li><a href="/products/freezer/frozen-ready-meals/k/1111111198">Frozen Ready Meals</a></li><li><a href="/products/freezer/frozen-party-food-snacks/k/1111111199">Frozen Party Food &amp; Snacks</a></li><!--]--></ul></li></ul><ul><li><a href="/products/drinks/k/1000000000">Drinks</a><ul><!--[--><li><a href="/products/drinks/soft-drinks/k/1111111207">Soft Drinks</a></li><li><a href="/products/drinks/juices-cordials/k/1111111208">Juices &amp; Cordials</a></li><li><a href="/products/drinks/water/k/1111111209">Water</a></li><li><a href="/products/drinks/sports-energy/k/1111111210">Sports &amp; Energy</a></li><li><a href="/products/drinks/tea-coffee-hot-chocolate/k/1111111211">Tea, Coffee &amp; Hot Chocolate</a></li><li><a href="/products/drinks/flavoured-milk/k/1111111212">Flavoured Milk</a></li><li><a href="/products/drinks/iced-tea-kombucha/k/1588161408332099">Iced Tea &amp; Kombucha</a></li><!--]--></ul></li></ul><ul><li><a href="/products/health-beauty/k/1040000000">Health &amp; Beauty</a><ul><!--[--><li><a href="/products/health-beauty/vitamins-sports-nutrition/k/1111111240">Vitamins, Sports &amp; Nutrition</a></li><li><a href="/products/health-beauty/sun-skin-care/k/1111111241">Sun &amp; Skin Care</a></li><li><a href="/products/health-beauty/shower-bath-care/k/1111111242">Shower &amp; Bath Care</a></li><li><a href="/products/health-beauty/period-care/k/1111111243">Period &amp; Incontinence Care</a></li><li><a href="/products/health-beauty/personal-care-hygiene/k/1111111244">Personal Care &amp; Hygiene</a></li><li><a href="/products/health-beauty/first-aid-medicinal/k/1111111245">First Aid &amp; Medicinal</a></li><li><a href="/products/health-beauty/cosmetics/k/1111111246">Cosmetics</a></li><li><a href="/products/health-beauty/dental-care/k/1111111247">Dental Care</a></li><li><a href="/products/health-beauty/hair-care/k/1111111248">Hair Care</a></li><li><a href="/products/health-beauty/hair-removal/k/1111111249">Hair Removal</a></li><!--]--></ul></li></ul><ul><li><a href="/products/baby/k/1030000000">Baby</a><ul><!--[--><li><a href="/products/baby/baby-nappies-wipes/k/1111111234">Baby Nappies &amp; Wipes</a></li><li><a href="/products/baby/baby-food/k/1111111236">Baby Food</a></li><!--]--></ul></li></ul><ul><li><a href="/products/cleaning-household/k/1050000000">Cleaning &amp; Household</a><ul><!--[--><li><a href="/products/cleaning-household/laundry/k/1111111252">Laundry</a></li><li><a href="/products/cleaning-household/cleaning/k/1111111253">Cleaning</a></li><li><a href="/products/cleaning-household/bathroom/k/1111111254">Bathroom</a></li><li><a href="/products/cleaning-household/kitchen/k/1111111255">Kitchen</a></li><li><a href="/products/cleaning-household/pest-control/k/1111111256">Pest Control</a></li><li><a href="/products/cleaning-household/home-essentials/k/1111111258">Home Essentials</a></li><li><a href="/products/cleaning-household/toilet-paper-tissues-paper-towels/k/1111111260">Toilet Paper, Tissues &amp; Paper Towels</a></li><li><a href="/products/cleaning-household/air-fresheners-fragrances/k/1111111262">Air Fresheners &amp; Fragrances</a></li><!--]--></ul></li></ul><ul><li><a href="/products/pets/k/1020000000">Pets</a><ul><!--[--><li><a href="/products/pets/cat-kitten/k/1111111227">Cat &amp; Kitten</a></li><li><a href="/products/pets/dogs-puppy/k/1111111228">Dogs &amp; Puppy</a></li><li><a href="/products/pets/birds/k/1111111229">Birds</a></li><li><a href="/products/pets/fish/k/1111111230">Fish</a></li><li><a href="/products/pets/small-pets/k/1111111231">Small Pets</a></li><!--]--></ul></li></ul><ul><li><a href="/products/liquor/k/1010000000">Liquor</a><ul><!--[--><li><a href="/products/liquor/beer/k/1111111216">Beer</a></li><li><a href="/products/liquor/cider/k/1111111217">Cider</a></li><li><a href="/products/liquor/white-wine/k/1111111218">White Wine</a></li><li><a href="/products/liquor/red-wine/k/1111111219">Red Wine</a></li><li><a href="/products/liquor/rose/k/1111111220">Rose</a></li><li><a href="/products/liquor/sparkling-champagne/k/1111111221">Sparkling &amp; Champagne</a></li><li><a href="/products/liquor/spirits/k/1111111222">Spirits</a></li><li><a href="/products/liquor/premixed/k/1111111223">Premixed</a></li><!--]--></ul></li></ul><ul><li><a href="/products/snacks-confectionery/k/1588161408332087">Snacks &amp; Confectionery</a><ul><!--[--><li><a href="/products/snacks-confectionery/confectionery/k/1588161408332088">Confectionery</a></li><li><a href="/products/snacks-confectionery/chips-corn-chips-other/k/1588161408332089">Chips, Corn Chips &amp; Other</a></li><li><a href="/products/snacks-confectionery/dried-fruits-nuts-jerky/k/1588161408332090">Dried Fruits, Nuts &amp; Jerky</a></li><li><a href="/products/snacks-confectionery/biscuit-cookies/k/1588161408332091">Biscuit &amp; Cookies</a></li><!--]--></ul></li></ul><ul><li><a href="/products/front-of-store/k/1588161408332092">Front of Store</a><ul><!--[--><li><a href="/products/front-of-store/shopping-bags-token/k/1588161408332093">Shopping Bags &amp; Token</a></li><li><a href="/products/front-of-store/flowers/k/1588161408332095">Flowers</a></li><!--]--></ul></li></ul><!--]--></li><!--[--><li><a href="/catalogue">Catalogue</a><ul><!--[--><li><a href="https://www.catalogues.aldi.com.au/">Catalogue</a></li><li><a href="/ALDI-special-buys">Special Buys</a></li><!--]--></ul></li><li><a href="/recipes">Recipes</a><ul><!--[--><li><a href="/recipes">Show all Recipes</a></li><li><a href="/recipes/breakfast-recipes">Breakfast Recipes</a></li><li><a href="/recipes/starters-sides-salad-recipes">Starters, Sides &amp; Salad Recipes</a></li><li><a href="/recipes/main-recipes">Main Recipes</a></li><li><a href="/recipes/dessert-recipes">Dessert Recipes</a></li><li><a href="/recipes/kids-recipes">Kids Recipes</a></li><li><a href="/recipes/drink-recipes">Drink Recipes</a></li><li><a href="/recipes/gluten-free-recipes">Gluten Free Recipes</a></li><li><a href="/recipes/autumn-recipes">Autumn Recipes</a></li><li><a href="/recipes/winter-recipes">Winter Recipes</a></li><!--]--></ul></li><li><a href="/services">Services</a><ul><!--[--><li><a href="https://www.aldimobile.com.au/">ALDI Mobile</a></li><li><a href="https://aldiholidays.com.au/">ALDI Holidays</a></li><li><a href="/services/aldi-gift-cards">ALDI Gift Cards</a></li><li><a href="https://www.aldiinsurance.com.au/">ALDI Insurance</a></li><!--]--></ul></li><!--]--></ul></header><!--[--><main id="main" class="product-listing-page"><!----><section class="container-layout" style=""><div class="component-layout--wide component-layout"><!--[--><nav aria-label="Breadcrumb" class="base-breadcrumbs"><!--[--><a href="/" class="base-link base-breadcrumbs__crumb" data-track-type="internal" draggable="false">Home</a><h1 class="base-breadcrumbs__crumb">Products</h1><!--]--></nav><!--]--></div></section><!----><!----><div class="cms-container"><!--[--><section class="container-layout container-layout--padded" style="" data-aem-key="overlayboxteaser" id="overlayboxteaser"><div class="component-layout--full component-layout"><!--[--><!--[--><!--[--><!--[--><div class="overlay-box-teaser-old"><div class="overlay-box-teaser-old__overlay overlay-box-teaser-old__overlay--left"><div class="overlay-box-teaser-old__overlay-box" style="background-color:#f3b1cd;"><!----><!----><div class="overlay-box-teaser-old__title" style="color:#101316;">All Products</div><!----><!----></div></div><picture class="base-picture overlay-box-teaser-old__image"><!--[--><source media="(min-width: 992px)" srcset="https://dm.apac.cms.aldi.cx/is/image/aldiprodapac/AllGroceries-3056_1024%3A3-1?wid=3042&amp;fit=constrain 3042w, https://dm.apac.cms.aldi.cx/is/image/aldiprodapac/AllGroceries-3056_1024%3A3-1?wid=1528&amp;fit=constrain 1528w" sizes="(min-width: 1528px) 1528px, 100vw"><source media="(min-width: 760px)" srcset="https://dm.apac.cms.aldi.cx/is/image/aldiprodapac/AllGroceries-3056_1024%3A16-9?wid=1823&amp;fit=constrain 1823w, https://dm.apac.cms.aldi.cx/is/image/aldiprodapac/AllGroceries-3056_1024%3A16-9?wid=992&amp;fit=constrain 992w" sizes="100vw"><source srcset="https://dm.apac.cms.aldi.cx/is/image/aldiprodapac/AllGroceries-3056_1024%3A1-1?wid=1024&amp;fit=constrain 1024w" sizes="100vw"><!--]--><img class="base-image base-picture__img base-picture__img--cover" src="https://dm.apac.cms.aldi.cx/is/image/aldiprodapac/AllGroceries-3056_1024?wid=3056" alt="alt text" fetchpriority="high" width="3042" height="1018" onerror="this.setAttribute('data-error', 1)"></picture></div><!--]--><!--]--><!--]--><!--]--></div></section><section class="container-layout background-color--silver-gray container-layout--padded" style="" data-aem-key="productcategorytease" id="productcategorytease"><div class="component-layout--full component-layout--wide-l component-layout"><!--[--><!--[--><!--[--><!--[--><div class="product-category-teaser-list"><div class="product-category-teaser-list__header"><h2 class="product-category-teaser-list__title">BROWSE CATEGORIES</h2><button class="base-button base-button--text-button base-button--small-text product-category-teaser-list__show-all" aria-disabled="false" aria-label="Show all BROWSE CATEGORIES" type="button"><!----><!--[--><span class="product-category-teaser-list__show-all-title">Show all</span><span class="base-icon" style=""><!--[--><svg aria-hidden="true" xmlns="http://www.w3.org/2000/svg" width="24" height="24" fill="none" viewBox="0 0 24 24"><path fill="currentColor" d="M9.06 5.621a1.5 1.5 0 0 1 0-2.121l1.824 1.824a.776.776 0 0 1 .022.02l6.125 6.126a.75.75 0 0 1 0 1.06l-6.125 6.125a.713.713 0 0 1-.022.021L9.06 20.5a1.5 1.5 0 0 1 0-2.121L15.44 12 9.06 5.621Z"></path></svg><!--]--></span><!--]--></button></div><div class="product-category-teaser-list__content"><div class="product-category-teaser-list__content-inner product-category-teaser-list__content-inner--3-column"><!--[--><a href="/products/super-savers/super-savers/k/1588161407991418" class="product-category-teaser-list-item" data-mn="product-category-teaser" data-aem-key="item_771628696_copy__405526702"><picture class="base-picture product-category-teaser-list-item__image" min-width="48"><!--[--><source media="(min-width: 992px)" srcset=""><source srcset=""><!--]--><img class="base-image base-picture__img" src="https://dm.apac.cms.aldi.cx/is/image/aldiprodapac/1002344_CLICK_COLLECT_600x600_20?wid=600&amp;fmt=png-alpha" alt="Super Savers" loading="lazy" fetchpriority="low" decoding="async" onerror="this.setAttribute('data-error', 1)"></picture><span class="product-category-teaser-list-item__category-name">Super Savers</span></a><a href="/products/limited-time-only/k/1588161420755352" class="product-category-teaser-list-item" data-mn="product-category-teaser" data-aem-key="item_1133023777_copy"><picture class="base-picture product-category-teaser-list-item__image" min-width="48"><!--[--><source media="(min-width: 992px)" srcset=""><source srcset=""><!--]--><img class="base-image base-picture__img" src="https://dm.apac.cms.aldi.cx/is/image/aldiprodapac/1002344_CLICK_COLLECT_600x600_19?wid=600&amp;fmt=png-alpha" alt="Pantry category" loading="lazy" fetchpriority="low" decoding="async" onerror="this.setAttribute('data-error', 1)"></picture><span class="product-category-teaser-list-item__category-name">Limited Time Only</span></a><a href="/products/fruits-vegetables/k/950000000" class="product-category-teaser-list-item" data-mn="product-category-teaser" data-aem-key="item_771628696_copy__193771434"><picture class="base-picture product-category-teaser-list-item__image" min-width="48"><!--[--><source media="(min-width: 992px)" srcset=""><source srcset=""><!--]--><img class="base-image base-picture__img" src="https://dm.apac.cms.aldi.cx/is/image/aldiprodapac/Fruits_Vegetables_CategoryThumbnails_600_600?wid=600" alt="Fruit &amp; Vegetable" loading="lazy" fetchpriority="low" decoding="async" onerror="this.setAttribute('data-error', 1)"></picture><span class="product-category-teaser-list-item__category-name">Fruit &amp; Vegetable</span></a><a href="/products/meat-seafood/k/940000000" class="product-category-teaser-list-item" data-mn="product-category-teaser" data-aem-key="item_771628696_copy_650868736"><picture class="base-picture product-category-teaser-list-item__image" min-width="48"><!--[--><source media="(min-width: 992px)" srcset=""><source srcset=""><!--]--><img class="base-image base-picture__img" src="https://dm.apac.cms.aldi.cx/is/image/aldiprodapac/MeatSeafood_CategoryThumbnails_600_600?wid=600" alt="Meat &amp; Seafood" loading="lazy" fetchpriority="low" decoding="async" onerror="this.setAttribute('data-error', 1)"></picture><span class="product-category-teaser-list-item__category-name">Meat &amp; Seafood</span></a><a href="/products/deli-chilled-meats/k/930000000" class="product-category-teaser-list-item" data-mn="product-category-teaser" data-aem-key="item_771628696_copy__1681557593"><picture class="base-picture product-category-teaser-list-item__image" min-width="48"><!--[--><source media="(min-width: 992px)" srcset=""><source srcset=""><!--]--><img class="base-image base-picture__img" src="https://dm.apac.cms.aldi.cx/is/image/aldiprodapac/Deli_CategoryThumbnails_600_600?wid=600" alt="Deli" loading="lazy" fetchpriority="low" decoding="async" onerror="this.setAttribute('data-error', 1)"></picture><span class="product-category-teaser-list-item__category-name">Deli</span></a><a href="/products/dairy-eggs-fridge/k/960000000" class="product-category-teaser-list-item" data-mn="product-category-teaser" data-aem-key="item_771628696_copy__216336904"><picture class="base-picture product-category-teaser-list-item__image" min-width="48"><!--[--><source media="(min-width: 992px)" srcset=""><source srcset=""><!--]--><img class="base-image base-picture__img" src="https://dm.apac.cms.aldi.cx/is/image/aldiprodapac/DairyEggsFridge_CategoryThumbnails_600_600?wid=600" alt="Dairy,  Eggs &amp; Fridge" loading="lazy" fetchpriority="low" decoding="async" onerror="this.setAttribute('data-error', 1)"></picture><span class="product-category-teaser-list-item__category-name">Dairy,  Eggs &amp; Fridge</span></a><a href="/products/pantry/k/970000000" class="product-category-teaser-list-item" data-mn="product-category-teaser" data-aem-key="item_771628696_copy_"><picture class="base-picture product-category-teaser-list-item__image" min-width="48"><!--[--><source media="(min-width: 992px)" srcset=""><source srcset=""><!--]--><img class="base-image base-picture__img" src="https://dm.apac.cms.aldi.cx/is/image/aldiprodapac/Pantry_CategoryThumbnails?wid=1500" alt="Pantry" loading="lazy" fetchpriority="low" decoding="async" onerror="this.setAttribute('data-error', 1)"></picture><span class="product-category-teaser-list-item__category-name">Pantry</span></a><a href="/products/bakery/k/920000000" class="product-category-teaser-list-item" data-mn="product-category-teaser" data-aem-key="item_771628696_copy__1318269049"><picture class="base-picture product-category-teaser-list-item__image" min-width="48"><!--[--><source media="(min-width: 992px)" srcset=""><source srcset=""><!--]--><img class="base-image base-picture__img" src="https://dm.apac.cms.aldi.cx/is/image/aldiprodapac/Bakery_CategoryThumbnails_600_600?wid=600" alt="Bakery" loading="lazy" fetchpriority="low" decoding="async" onerror="this.setAttribute('data-error', 1)"></picture><span class="product-category-teaser-list-item__category-name">Bakery</span></a><a href="/products/freezer/k/980000000" class="product-category-teaser-list-item" data-mn="product-category-teaser" data-aem-key="item_771628696_copy__293951034"><picture class="base-picture product-category-teaser-list-item__image" min-width="48"><!--[--><source media="(min-width: 992px)" srcset=""><source srcset=""><!--]--><img class="base-image base-picture__img" src="https://dm.apac.cms.aldi.cx/is/image/aldiprodapac/Freezer_CategoryThumbnails_600_600?wid=600" alt="Freezer" loading="lazy" fetchpriority="low" decoding="async" onerror="this.setAttribute('data-error', 1)"></picture><span class="product-category-teaser-list-item__category-name">Freezer</span></a><a href="/products/drinks/k/1000000000" class="product-category-teaser-list-item" data-mn="product-category-teaser" data-aem-key="item_771628696"><picture class="base-picture product-category-teaser-list-item__image" min-width="48"><!--[--><source media="(min-width: 992px)" srcset=""><source srcset=""><!--]--><img class="base-image base-picture__img" src="https://dm.apac.cms.aldi.cx/is/image/aldiprodapac/Drinks_CategoryThumbnails_600_600?wid=600" alt="Drinks" loading="lazy" fetchpriority="low" decoding="async" onerror="this.setAttribute('data-error', 1)"></picture><span class="product-category-teaser-list-item__category-name">Drinks</span></a><a href="/products/health-beauty/k/1040000000" class="product-category-teaser-list-item" data-mn="product-category-teaser" data-aem-key="item_771628696_copy__837344066"><picture class="base-picture product-category-teaser-list-item__image" min-width="48"><!--[--><source media="(min-width: 992px)" srcset=""><source srcset=""><!--]--><img class="base-image base-picture__img" src="https://dm.apac.cms.aldi.cx/is/image/aldiprodapac/Beauty_CategoryThumbnails_600_600?wid=600" alt="Health &amp; Beauty" loading="lazy" fetchpriority="low" decoding="async" onerror="this.setAttribute('data-error', 1)"></picture><span class="product-category-teaser-list-item__category-name">Health &amp; Beauty</span></a><a href="/products/baby/k/1030000000" class="product-category-teaser-list-item" data-mn="product-category-teaser" data-aem-key="item_771628696_copy"><picture class="base-picture product-category-teaser-list-item__image" min-width="48"><!--[--><source media="(min-width: 992px)" srcset=""><source srcset=""><!--]--><img class="base-image base-picture__img" src="https://dm.apac.cms.aldi.cx/is/image/aldiprodapac/Baby_CategoryThumbnails_600_600?wid=600" alt="Baby" loading="lazy" fetchpriority="low" decoding="async" onerror="this.setAttribute('data-error', 1)"></picture><span class="product-category-teaser-list-item__category-name">Baby</span></a><!--]--></div></div></div><!--]--><!--]--><!--]--><!--]--></div></section><!--]--></div><section class="container-layout container-layout--padded" style=""><div class="component-layout--wide component-layout"><!--[--><!--[--><!--[--><!--[--><div class="product-listing-viewer" tabindex="-1" aria-label="Results"><div id="product-listing-aria-label" class="product-listing-viewer__label sr-only"><p role="status">3246 Results</p></div><div class="product-listing-viewer__headline"><div class="base-heading base-heading--h2 product-listing-viewer__headline"><h2 class="base-heading__main">All Products <span aria-hidden="true" data-mn="product-search-count">(3246)</span></h2></div><!----></div><!----><div class="product-filter-bar" role="complementary" aria-label="Product filtering" style=""><button class="base-button base-button--primary-light-background product-filter-bar__in-page-button" aria-disabled="false" aria-label="Sort &amp; Filter" type="button"><!----><!--[--><span class="base-icon" style=""><!--[--><svg aria-hidden="true" xmlns="http://www.w3.org/2000/svg" width="24" height="24" fill="none" viewBox="0 0 24 24"><path fill="currentColor" fill-rule="evenodd" d="M5.604 7H4.25a.75.75 0 0 1 0-1.5h1.354a2.751 2.751 0 1 1 0 1.5ZM7 6.25a1.25 1.25 0 1 1 2.5 0 1.25 1.25 0 0 1-2.5 0Z" clip-rule="evenodd"></path><path fill="currentColor" d="M20.5 7A1.5 1.5 0 0 0 19 5.5h-4.5A1.5 1.5 0 0 0 13 7h7.5Z"></path><path fill="currentColor" fill-rule="evenodd" d="M13.104 12.75H4.25a.75.75 0 0 1 0-1.5h8.854a2.751 2.751 0 0 1 5.293 0h1.353a.75.75 0 0 1 0 1.5h-1.354a2.751 2.751 0 0 1-5.293 0ZM14.5 12a1.25 1.25 0 1 1 2.5 0 1.25 1.25 0 0 1-2.5 0ZM7.729 18.5H5A1.5 1.5 0 0 1 3.5 17h4.229a2.751 2.751 0 0 1 5.292 0h6.729a.75.75 0 0 1 0 1.5h-6.729a2.751 2.751 0 0 1-5.292 0Zm1.396-.75a1.25 1.25 0 1 1 2.5 0 1.25 1.25 0 0 1-2.5 0Z" clip-rule="evenodd"></path></svg><!--]--></span> Sort &amp; Filter<!--]--></button><!----><ul class="filter-tag-list product-filter-bar__tag-list" role="group"><!----><!----></ul></div><div class="product-listing-viewer__product-area"><!----><div class="product-listing-viewer__product-list"><div class="product-listing-viewer__product-list-content"><!----><div class="product-grid"><!--[--><div id="product-tile-000000000000199822" class="product-teaser-item product-grid__item" data-mn="product-category-item-000000000000199822" is-disabled="false"><div class="product-tile" title="Organic Extra Virgin Olive Oil 500ml"><a href="/product/oh-so-natural-organic-organic-extra-virgin-olive-oil-500ml-000000000000199822" class="base-link product-tile__link" data-track-type="internal" draggable="false"><div class="product-tile__picture" aria-hidden="true"><img class="base-image" srcset="https://dm.apac.cms.aldi.cx/is/image/aldiprodapac/product/jpg/scaleWidth/232/ce18a1c2-0a82-4534-88d3-a83ebab3db92/Organic%20Extra%20Virgin%20Olive%20Oil%20500ml 116w,https://dm.apac.cms.aldi.cx/is/image/aldiprodapac/product/jpg/scaleWidth/306/ce18a1c2-0a82-4534-88d3-a83ebab3db92/Organic%20Extra%20Virgin%20Olive%20Oil%20500ml 153w" sizes="(min-width: 992px) 153px, 116px" src="https://dm.apac.cms.aldi.cx/is/image/aldiprodapac/product/jpg/scaleWidth/232/ce18a1c2-0a82-4534-88d3-a83ebab3db92/Organic%20Extra%20Virgin%20Olive%20Oil%20500ml" alt="Organic Extra Virgin Olive Oil 500ml" width="153" height="153" draggable="false"></div><div class="product-tile__badges"><!----><!----></div><div class="product-tile__brandname"><p>OH SO NATURAL ORGANIC</p></div><div class="product-tile__name"><p>Organic Extra Virgin Olive Oil 500ml</p></div><div data-test="product-tile__unit-of-measurement" class="product-tile__unit-of-measurement"><p>500 ML</p></div><div class="base-price base-price--product-tile product-tile__price"><div><!----><span class="base-price__comparison-price"><span>($1.80/100 ML)</span></span><span class="base-price__regular"><span>$8.99</span><!----><!----></span><!----><!----><!----><!----></div></div></a><!----></div><!----></div><div id="product-tile-000000000000200347" class="product-teaser-item product-grid__item" data-mn="product-category-item-000000000000200347" is-disabled="false"><div class="product-tile" title="Sunflower Oil 1L"><a href="/product/pure-vita-sunflower-oil-1l-000000000000200347" class="base-link product-tile__link" data-track-type="internal" draggable="false"><div class="product-tile__picture" aria-hidden="true"><img class="base-image" srcset="https://dm.apac.cms.aldi.cx/is/image/aldiprodapac/product/jpg/scaleWidth/232/f315fe90-7075-4f29-b0cb-5abad7510ad9/Sunflower%20Oil%201L 116w,https://dm.apac.cms.aldi.cx/is/image/aldiprodapac/product/jpg/scaleWidth/306/f315fe90-7075-4f29-b0cb-5abad7510ad9/Sunflower%20Oil%201L 153w" sizes="(min-width: 992px) 153px, 116px" src="https://dm.apac.cms.aldi.cx/is/image/aldiprodapac/product/jpg/scaleWidth/232/f315fe90-7075-4f29-b0cb-5abad7510ad9/Sunflower%20Oil%201L" alt="Sunflower Oil 1L" width="153" height="153" draggable="false"></div><div class="product-tile__badges"><!----><!----></div><div class="product-tile__brandname"><p>PURE VITA</p></div><div class="product-tile__name"><p>Sunflower Oil 1L</p></div><div data-test="product-tile__unit-of-measurement" class="product-tile__unit-of-measurement"><p>1000 ML</p></div><div class="base-price base-price--product-tile product-tile__price"><div><!----><span class="base-price__comparison-price"><span>($0.46/100 ML)</span></span><span class="base-price__regular"><span>$4.59</span><!----><!----></span><!----><!----><!----><!----></div></div></a><!----></div><!----></div><div id="product-tile-000000000000200998" class="product-teaser-item product-grid__item" data-mn="product-category-item-000000000000200998" is-disabled="false"><div class="product-tile" title="Chocolate Chip Brioche Milk Rolls 8 Pack 280g"><a href="/product/bon-appetit-chocolate-chip-brioche-milk-rolls-8-pack-280g-000000000000200998" class="base-link product-tile__link" data-track-type="internal" draggable="false"><div class="product-tile__picture" aria-hidden="true"><img class="base-image" srcset="https://dm.apac.cms.aldi.cx/is/image/aldiprodapac/product/jpg/scaleWidth/232/f2efa456-39e2-4bc9-93c5-5ff8030239f2/Chocolate%20Chip%20Brioche%20Milk%20Rolls%208%20Pack%20280g 116w,https://dm.apac.cms.aldi.cx/is/image/aldiprodapac/product/jpg/scaleWidth/306/f2efa456-39e2-4bc9-93c5-5ff8030239f2/Chocolate%20Chip%20Brioche%20Milk%20Rolls%208%20Pack%20280g 153w" sizes="(min-width: 992px) 153px, 116px" src="https://dm.apac.cms.aldi.cx/is/image/aldiprodapac/product/jpg/scaleWidth/232/f2efa456-39e2-4bc9-93c5-5ff8030239f2/Chocolate%20Chip%20Brioche%20Milk%20Rolls%208%20Pack%20280g" alt="Chocolate Chip Brioche Milk Rolls 8 Pack 280g" width="153" height="153" draggable="false"></div><div class="product-tile__badges"><!----><!----></div><div class="product-tile__brandname"><p>BON APPETIT</p></div><div class="product-tile__name"><p>Chocolate Chip Brioche Milk Rolls 8 Pack 280g</p></div><div data-test="product-tile__unit-of-measurement" class="product-tile__unit-of-measurement"><p>280 G</p></div><div class="base-price base-price--product-tile product-tile__price"><div><!----><span class="base-price__comparison-price"><span>($1.78/100 G)</span></span><span class="base-price__regular"><span>$4.99</span><!----><!----></span><!----><!----><!----><!----></div></div></a><!----></div><!----></div><div id="product-tile-000000000000201100" class="product-teaser-item product-grid__item" data-mn="product-category-item-000000000000201100" is-disabled="false"><div class="product-tile" title="Organic Baked Beans in Tomato Sauce 420g"><a href="/product/oh-so-natural-organic-organic-baked-beans-in-tomato-sauce-420g-000000000000201100" class="base-link product-tile__link" data-track-type="internal" draggable="false"><div class="product-tile__picture" aria-hidden="true"><img class="base-image" src="https://dm.apac.cms.aldi.cx/is/content/aldiprodapac/1001860-2_COMING-SOON-GREYSCALE_RGB_OUTLINED_1200x1200" alt="Organic Baked Beans in Tomato Sauce 420g" width="116" height="116" draggable="false"></div><div class="product-tile__badges"><!----><!----></div><div class="product-tile__brandname"><p>OH SO NATURAL ORGANIC</p></div><div class="product-tile__name"><p>Organic Baked Beans in Tomato Sauce 420g</p></div><div data-test="product-tile__unit-of-measurement" class="product-tile__unit-of-measurement"><p>420 G</p></div><div class="base-price base-price--product-tile product-tile__price"><div><!----><span class="base-price__comparison-price"><span>($0.38/100 G)</span></span><span class="base-price__regular"><span>$1.59</span><!----><!----></span><!----><!----><!----><!----></div></div></a><!----></div><!----></div><div id="product-tile-000000000000210837" class="product-teaser-item product-grid__item" data-mn="product-category-item-000000000000210837" is-disabled="false"><div class="product-tile" title="Spanish Stuffed Green Olives 450g"><a href="/product/deli-originals-spanish-stuffed-green-olives-000000000000210837" class="base-link product-tile__link" data-track-type="internal" draggable="false"><div class="product-tile__picture" aria-hidden="true"><img class="base-image" srcset="https://dm.apac.cms.aldi.cx/is/image/aldiprodapac/product/jpg/scaleWidth/232/8675cc3e-0c24-4d63-9355-0f43b0d10c02/Spanish%20Stuffed%20Green%20Olives%20450g 116w,https://dm.apac.cms.aldi.cx/is/image/aldiprodapac/product/jpg/scaleWidth/306/8675cc3e-0c24-4d63-9355-0f43b0d10c02/Spanish%20Stuffed%20Green%20Olives%20450g 153w" sizes="(min-width: 992px) 153px, 116px" src="https://dm.apac.cms.aldi.cx/is/image/aldiprodapac/product/jpg/scaleWidth/232/8675cc3e-0c24-4d63-9355-0f43b0d10c02/Spanish%20Stuffed%20Green%20Olives%20450g" alt="Spanish Stuffed Green Olives 450g" width="153" height="153" draggable="false"></div><div class="product-tile__badges"><!----><!----></div><div class="product-tile__brandname"><p>DELI ORIGINALS</p></div><div class="product-tile__name"><p>Spanish Stuffed Green Olives 450g</p></div><div data-test="product-tile__unit-of-measurement" class="product-tile__unit-of-measurement"><p>0.45 KG</p></div><div class="base-price base-price--product-tile product-tile__price"><div><!----><span class="base-price__comparison-price"><span>($5.00/1 KG)</span></span><span class="base-price__regular"><span>$2.25</span><!----><!----></span><!----><!----><!----><!----></div></div></a><!----></div><!----></div><div id="product-tile-000000000000261610" class="product-teaser-item product-grid__item" data-mn="product-category-item-000000000000261610" is-disabled="false"><div class="product-tile" title="Baked Beans in Tomato Sauce 420g"><a href="/product/corale-baked-beans-in-tomato-sauce-420g-000000000000261610" class="base-link product-tile__link" data-track-type="internal" draggable="false"><div class="product-tile__picture" aria-hidden="true"><img class="base-image" srcset="https://dm.apac.cms.aldi.cx/is/image/aldiprodapac/product/jpg/scaleWidth/232/481a331e-a9a9-4e16-966f-add5188b58c5/Baked%20Beans%20in%20Tomato%20Sauce%20420g 116w,https://dm.apac.cms.aldi.cx/is/image/aldiprodapac/product/jpg/scaleWidth/306/481a331e-a9a9-4e16-966f-add5188b58c5/Baked%20Beans%20in%20Tomato%20Sauce%20420g 153w" sizes="(min-width: 992px) 153px, 116px" src="https://dm.apac.cms.aldi.cx/is/image/aldiprodapac/product/jpg/scaleWidth/232/481a331e-a9a9-4e16-966f-add5188b58c5/Baked%20Beans%20in%20Tomato%20Sauce%20420g" alt="Baked Beans in Tomato Sauce 420g" width="153" height="153" draggable="false"></div><div class="product-tile__badges"><!----><!----></div><div class="product-tile__brandname"><p>CORALE</p></div><div class="product-tile__name"><p>Baked Beans in Tomato Sauce 420g</p></div><div data-test="product-tile__unit-of-measurement" class="product-tile__unit-of-measurement"><p>420 G</p></div><div class="base-price base-price--product-tile product-tile__price"><div><!----><span class="base-price__comparison-price"><span>($0.26/100G)</span></span><span class="base-price__regular"><span>$1.09</span><!----><!----></span><!----><!----><!----><!----></div></div></a><!----></div><!----></div><div id="product-tile-000000000000262056" class="product-teaser-item product-grid__item" data-mn="product-category-item-000000000000262056" is-disabled="false"><div class="product-tile" title="Pains Au Chocolat 6 Pack 270g"><a href="/product/bon-appetit-pains-au-chocolat-6-pack-270g-000000000000262056" class="base-link product-tile__link" data-track-type="internal" draggable="false"><div class="product-tile__picture" aria-hidden="true"><img class="base-image" srcset="https://dm.apac.cms.aldi.cx/is/image/aldiprodapac/product/jpg/scaleWidth/232/2f8b1aaa-0a6c-46a1-86f2-c48eb5ff9eec/Pains%20Au%20Chocolat%206%20Pack%20270g 116w,https://dm.apac.cms.aldi.cx/is/image/aldiprodapac/product/jpg/scaleWidth/306/2f8b1aaa-0a6c-46a1-86f2-c48eb5ff9eec/Pains%20Au%20Chocolat%206%20Pack%20270g 153w" sizes="(min-width: 992px) 153px, 116px" src="https://dm.apac.cms.aldi.cx/is/image/aldiprodapac/product/jpg/scaleWidth/232/2f8b1aaa-0a6c-46a1-86f2-c48eb5ff9eec/Pains%20Au%20Chocolat%206%20Pack%20270g" alt="Pains Au Chocolat 6 Pack 270g" loading="lazy" width="153" height="153" decoding="async" draggable="false"></div><div class="product-tile__badges"><!----><!----></div><div class="product-tile__brandname"><p>BON APPETIT</p></div><div class="product-tile__name"><p>Pains Au Chocolat 6 Pack 270g</p></div><div data-test="product-tile__unit-of-measurement" class="product-tile__unit-of-measurement"><p>270 G</p></div><div class="base-price base-price--product-tile product-tile__price"><div><!----><span class="base-price__comparison-price"><span>($1.74/100G)</span></span><span class="base-price__regular"><span>$4.69</span><!----><!----></span><!----><!----><!----><!----></div></div></a><!----></div><!----></div><div id="product-tile-000000000000262101" class="product-teaser-item product-grid__item" data-mn="product-category-item-000000000000262101" is-disabled="false"><div class="product-tile" title="Jasmine Rice 1kg"><a href="/product/imperial-grain-jasmine-rice-1kg-000000000000262101" class="base-link product-tile__link" data-track-type="internal" draggable="false"><div class="product-tile__picture" aria-hidden="true"><img class="base-image" srcset="https://dm.apac.cms.aldi.cx/is/image/aldiprodapac/product/jpg/scaleWidth/232/f8c80679-b4ba-46fe-af9f-058b76d5cf08/Jasmine%20Rice%201kg 116w,https://dm.apac.cms.aldi.cx/is/image/aldiprodapac/product/jpg/scaleWidth/306/f8c80679-b4ba-46fe-af9f-058b76d5cf08/Jasmine%20Rice%201kg 153w" sizes="(min-width: 992px) 153px, 116px" src="https://dm.apac.cms.aldi.cx/is/image/aldiprodapac/product/jpg/scaleWidth/232/f8c80679-b4ba-46fe-af9f-058b76d5cf08/Jasmine%20Rice%201kg" alt="Jasmine Rice 1kg" loading="lazy" width="153" height="153" decoding="async" draggable="false"></div><div class="product-tile__badges"><!----><!----></div><div class="product-tile__brandname"><p>IMPERIAL GRAIN</p></div><div class="product-tile__name"><p>Jasmine Rice 1kg</p></div><div data-test="product-tile__unit-of-measurement" class="product-tile__unit-of-measurement"><p>1000 G</p></div><div class="base-price base-price--product-tile product-tile__price"><div><!----><span class="base-price__comparison-price"><span>($0.32/100 G)</span></span><span class="base-price__regular"><span>$3.19</span><!----><!----></span><!----><!----><!----><!----></div></div></a><!----></div><!----></div><div id="product-tile-000000000000262325" class="product-teaser-item product-grid__item" data-mn="product-category-item-000000000000262325" is-disabled="false"><div class="product-tile" title="Basmati Rice 1kg"><a href="/product/imperial-grain-basmati-rice-1kg-000000000000262325" class="base-link product-tile__link" data-track-type="internal" draggable="false"><div class="product-tile__picture" aria-hidden="true"><img class="base-image" srcset="https://dm.apac.cms.aldi.cx/is/image/aldiprodapac/product/jpg/scaleWidth/232/a560b507-81e7-4363-8287-50db45da54a0/Basmati%20Rice%201kg 116w,https://dm.apac.cms.aldi.cx/is/image/aldiprodapac/product/jpg/scaleWidth/306/a560b507-81e7-4363-8287-50db45da54a0/Basmati%20Rice%201kg 153w" sizes="(min-width: 992px) 153px, 116px" src="https://dm.apac.cms.aldi.cx/is/image/aldiprodapac/product/jpg/scaleWidth/232/a560b507-81e7-4363-8287-50db45da54a0/Basmati%20Rice%201kg" alt="Basmati Rice 1kg" loading="lazy" width="153" height="153" decoding="async" draggable="false"></div><div class="product-tile__badges"><!----><!----></div><div class="product-tile__brandname"><p>IMPERIAL GRAIN</p></div><div class="product-tile__name"><p>Basmati Rice 1kg</p></div><div data-test="product-tile__unit-of-measurement" class="product-tile__unit-of-measurement"><p>1000 G</p></div><div class="base-price base-price--product-tile product-tile__price"><div><!----><span class="base-price__comparison-price"><span>($0.40/100 G)</span></span><span class="base-price__regular"><span>$3.99</span><!----><!----></span><!----><!----><!----><!----></div></div></a><!----></div><!----></div><div id="product-tile-000000000000262809" class="product-teaser-item product-grid__item" data-mn="product-category-item-000000000000262809" is-disabled="false"><div class="product-tile" title="Long Grain Rice 2kg"><a href="/product/imperial-grain-long-grain-rice-2kg-000000000000262809" class="base-link product-tile__link" data-track-type="internal" draggable="false"><div class="product-tile__picture" aria-hidden="true"><img class="base-image" srcset="https://dm.apac.cms.aldi.cx/is/image/aldiprodapac/product/jpg/scaleWidth/232/f741576a-2c44-4fa6-98ce-06a083c58a94/Long%20Grain%20Rice%202kg 116w,https://dm.apac.cms.aldi.cx/is/image/aldiprodapac/product/jpg/scaleWidth/306/f741576a-2c44-4fa6-98ce-06a083c58a94/Long%20Grain%20Rice%202kg 153w" sizes="(min-width: 992px) 153px, 116px" src="https://dm.apac.cms.aldi.cx/is/image/aldiprodapac/product/jpg/scaleWidth/232/f741576a-2c44-4fa6-98ce-06a083c58a94/Long%20Grain%20Rice%202kg" alt="Long Grain Rice 2kg" loading="lazy" width="153" height="153" decoding="async" draggable="false"></div><div class="product-tile__badges"><!----><!----></div><div class="product-tile__brandname"><p>IMPERIAL GRAIN</p></div><div class="product-tile__name"><p>Long Grain Rice 2kg</p></div><div data-test="product-tile__unit-of-measurement" class="product-tile__unit-of-measurement"><p>2000 G</p></div><div class="base-price base-price--product-tile product-tile__price"><div><!----><span class="base-price__comparison-price"><span>($0.18/100 G)</span></span><span class="base-price__regular"><span>$3.59</span><!----><!----></span><!----><!----><!----><!----></div></div></a><!----></div><!----></div><div id="product-tile-000000000000263151" class="product-teaser-item product-grid__item" data-mn="product-category-item-000000000000263151" is-disabled="false"><div class="product-tile" title="Garbage Bag Handle Tie 20 Pack"><a href="/product/goliath-garbage-bag-handle-tie-20-pack-000000000000263151" class="base-link product-tile__link" data-track-type="internal" draggable="false"><div class="product-tile__picture" aria-hidden="true"><img class="base-image" srcset="https://dm.apac.cms.aldi.cx/is/image/aldiprodapac/product/jpg/scaleWidth/232/2008593d-b1ca-439f-9870-68bd50c70602/Garbage%20Bag%20Handle%20Tie%2020%20Pack 116w,https://dm.apac.cms.aldi.cx/is/image/aldiprodapac/product/jpg/scaleWidth/306/2008593d-b1ca-439f-9870-68bd50c70602/Garbage%20Bag%20Handle%20Tie%2020%20Pack 153w" sizes="(min-width: 992px) 153px, 116px" src="https://dm.apac.cms.aldi.cx/is/image/aldiprodapac/product/jpg/scaleWidth/232/2008593d-b1ca-439f-9870-68bd50c70602/Garbage%20Bag%20Handle%20Tie%2020%20Pack" alt="Garbage Bag Handle Tie 20 Pack" loading="lazy" width="153" height="153" decoding="async" draggable="false"></div><div class="product-tile__badges"><!----><!----></div><div class="product-tile__brandname"><p>GOLIATH</p></div><div class="product-tile__name"><p>Garbage Bag Handle Tie 20 Pack</p></div><div data-test="product-tile__unit-of-measurement" class="product-tile__unit-of-measurement"><p>20 EA</p></div><div class="base-price base-price--product-tile product-tile__price"><div><!----><span class="base-price__comparison-price"><span>($0.14/1EA)</span></span><span class="base-price__regular"><span>$2.79</span><!----><!----></span><!----><!----><!----><!----></div></div></a><!----></div><!----></div><div id="product-tile-000000000000263152" class="product-teaser-item product-grid__item" data-mn="product-category-item-000000000000263152" is-disabled="false"><div class="product-tile" title="Kitchen Tidy Bags 30 Pack"><a href="/product/goliath-kitchen-tidy-bag-30l-000000000000263152" class="base-link product-tile__link" data-track-type="internal" draggable="false"><div class="product-tile__picture" aria-hidden="true"><img class="base-image" srcset="https://dm.apac.cms.aldi.cx/is/image/aldiprodapac/product/jpg/scaleWidth/232/d45fd11a-78ae-413b-a4df-79eaf5392255/Kitchen%20Tidy%20Bags%2030%20Pack 116w,https://dm.apac.cms.aldi.cx/is/image/aldiprodapac/product/jpg/scaleWidth/306/d45fd11a-78ae-413b-a4df-79eaf5392255/Kitchen%20Tidy%20Bags%2030%20Pack 153w" sizes="(min-width: 992px) 153px, 116px" src="https://dm.apac.cms.aldi.cx/is/image/aldiprodapac/product/jpg/scaleWidth/232/d45fd11a-78ae-413b-a4df-79eaf5392255/Kitchen%20Tidy%20Bags%2030%20Pack" alt="Kitchen Tidy Bags 30 Pack" loading="lazy" width="153" height="153" decoding="async" draggable="false"></div><div class="product-tile__badges"><!----><!----></div><div class="product-tile__brandname"><p>GOLIATH</p></div><div class="product-tile__name"><p>Kitchen Tidy Bags 30 Pack</p></div><div data-test="product-tile__unit-of-measurement" class="product-tile__unit-of-measurement"><p>30 EA</p></div><div class="base-price base-price--product-tile product-tile__price"><div><!----><span class="base-price__comparison-price"><span>($0.08/1EA)</span></span><span class="base-price__regular"><span>$2.39</span><!----><!----></span><!----><!----><!----><!----></div></div></a><!----></div><!----></div><div id="product-tile-000000000000266263" class="product-teaser-item product-grid__item" data-mn="product-category-item-000000000000266263" is-disabled="false"><div class="product-tile" title="Pitted Prunes 500 g"><a href="/product/sweet-vine-pitted-prunes-500g-000000000000266263" class="base-link product-tile__link" data-track-type="internal" draggable="false"><div class="product-tile__picture" aria-hidden="true"><img class="base-image" srcset="https://dm.apac.cms.aldi.cx/is/image/aldiprodapac/product/jpg/scaleWidth/232/85581f2f-c0b5-422b-93d2-8a73c8b5415c/Pitted%20Prunes%20500%20g 116w,https://dm.apac.cms.aldi.cx/is/image/aldiprodapac/product/jpg/scaleWidth/306/85581f2f-c0b5-422b-93d2-8a73c8b5415c/Pitted%20Prunes%20500%20g 153w" sizes="(min-width: 992px) 153px, 116px" src="https://dm.apac.cms.aldi.cx/is/image/aldiprodapac/product/jpg/scaleWidth/232/85581f2f-c0b5-422b-93d2-8a73c8b5415c/Pitted%20Prunes%20500%20g" alt="Pitted Prunes 500 g" loading="lazy" width="153" height="153" decoding="async" draggable="false"></div><div class="product-tile__badges"><!----><!----></div><div class="product-tile__brandname"><p>SWEET VINE</p></div><div class="product-tile__name"><p>Pitted Prunes 500 g</p></div><div data-test="product-tile__unit-of-measurement" class="product-tile__unit-of-measurement"><p>0.5 KG</p></div><div class="base-price base-price--product-tile product-tile__price"><div><!----><span class="base-price__comparison-price"><span>($11.98/1 KG)</span></span><span class="base-price__regular"><span>$5.99</span><!----><!----></span><!----><!----><!----><!----></div></div></a><!----></div><!----></div><div id="product-tile-000000000000268369" class="product-teaser-item product-grid__item" data-mn="product-category-item-000000000000268369" is-disabled="false"><div class="product-tile" title="Slider Bags 25 Pack"><a href="/product/goliath-large-slider-bag-25-pack-000000000000268369" class="base-link product-tile__link" data-track-type="internal" draggable="false"><div class="product-tile__picture" aria-hidden="true"><img class="base-image" srcset="https://dm.apac.cms.aldi.cx/is/image/aldiprodapac/product/jpg/scaleWidth/232/19afad1c-2de3-4f2d-b10f-25c8b11f493a/Slider%20Bags%2025%20Pack 116w,https://dm.apac.cms.aldi.cx/is/image/aldiprodapac/product/jpg/scaleWidth/306/19afad1c-2de3-4f2d-b10f-25c8b11f493a/Slider%20Bags%2025%20Pack 153w" sizes="(min-width: 992px) 153px, 116px" src="https://dm.apac.cms.aldi.cx/is/image/aldiprodapac/product/jpg/scaleWidth/232/19afad1c-2de3-4f2d-b10f-25c8b11f493a/Slider%20Bags%2025%20Pack" alt="Slider Bags 25 Pack" loading="lazy" width="153" height="153" decoding="async" draggable="false"></div><div class="product-tile__badges"><!----><!----></div><div class="product-tile__brandname"><p>GOLIATH</p></div><div class="product-tile__name"><p>Slider Bags 25 Pack</p></div><div data-test="product-tile__unit-of-measurement" class="product-tile__unit-of-measurement"><p>25 EA</p></div><div class="base-price base-price--product-tile product-tile__price"><div><!----><span class="base-price__comparison-price"><span>($0.10/1EA)</span></span><span class="base-price__regular"><span>$2.59</span><!----><!----></span><!----><!----><!----><!----></div></div></a><!----></div><!----></div><div id="product-tile-000000000000274244" class="product-teaser-item product-grid__item" data-mn="product-category-item-000000000000274244" is-disabled="false"><div class="product-tile" title="Basil Pesto 190g"><a href="/product/remano-basil-pesto-190g-000000000000274244" class="base-link product-tile__link" data-track-type="internal" draggable="false"><div class="product-tile__picture" aria-hidden="true"><img class="base-image" srcset="https://dm.apac.cms.aldi.cx/is/image/aldiprodapac/product/jpg/scaleWidth/232/811290eb-12a1-4bca-afb8-ee096da0bbe7/Basil%20Pesto%20190g 116w,https://dm.apac.cms.aldi.cx/is/image/aldiprodapac/product/jpg/scaleWidth/306/811290eb-12a1-4bca-afb8-ee096da0bbe7/Basil%20Pesto%20190g 153w" sizes="(min-width: 992px) 153px, 116px" src="https://dm.apac.cms.aldi.cx/is/image/aldiprodapac/product/jpg/scaleWidth/232/811290eb-12a1-4bca-afb8-ee096da0bbe7/Basil%20Pesto%20190g" alt="Basil Pesto 190g" loading="lazy" width="153" height="153" decoding="async" draggable="false"></div><div class="product-tile__badges"><!----><!----></div><div class="product-tile__brandname"><p>REMANO</p></div><div class="product-tile__name"><p>Basil Pesto 190g</p></div><div data-test="product-tile__unit-of-measurement" class="product-tile__unit-of-measurement"><p>190 G</p></div><div class="base-price base-price--product-tile product-tile__price"><div><!----><span class="base-price__comparison-price"><span>($0.94/100G)</span></span><span class="base-price__regular"><span>$1.79</span><!----><!----></span><!----><!----><!----><!----></div></div></a><!----></div><!----></div><div id="product-tile-000000000000274249" class="product-teaser-item product-grid__item" data-mn="product-category-item-000000000000274249" is-disabled="false"><div class="product-tile" title="Sundried Tomato Pesto 190g"><a href="/product/remano-sundried-tomato-pesto-190g-000000000000274249" class="base-link product-tile__link" data-track-type="internal" draggable="false"><div class="product-tile__picture" aria-hidden="true"><img class="base-image" srcset="https://dm.apac.cms.aldi.cx/is/image/aldiprodapac/product/jpg/scaleWidth/232/dd61ce2d-fb6f-416a-abb8-cc5622d93393/Sundried%20Tomato%20Pesto%20190g 116w,https://dm.apac.cms.aldi.cx/is/image/aldiprodapac/product/jpg/scaleWidth/306/dd61ce2d-fb6f-416a-abb8-cc5622d93393/Sundried%20Tomato%20Pesto%20190g 153w" sizes="(min-width: 992px) 153px, 116px" src="https://dm.apac.cms.aldi.cx/is/image/aldiprodapac/product/jpg/scaleWidth/232/dd61ce2d-fb6f-416a-abb8-cc5622d93393/Sundried%20Tomato%20Pesto%20190g" alt="Sundried Tomato Pesto 190g" loading="lazy" width="153" height="153" decoding="async" draggable="false"></div><div class="product-tile__badges"><!----><!----></div><div class="product-tile__brandname"><p>REMANO</p></div><div class="product-tile__name"><p>Sundried Tomato Pesto 190g</p></div><div data-test="product-tile__unit-of-measurement" class="product-tile__unit-of-measurement"><p>190 G</p></div><div class="base-price base-price--product-tile product-tile__price"><div><!----><span class="base-price__comparison-price"><span>($0.94/100 G)</span></span><span class="base-price__regular"><span>$1.79</span><!----><!----></span><!----><!----><!----><!----></div></div></a><!----></div><!----></div><div id="product-tile-000000000000275699" class="product-teaser-item product-grid__item" data-mn="product-category-item-000000000000275699" is-disabled="false"><div class="product-tile" title="Authentic Mayonnaise Squeeze 475g"><a href="/product/colway-authentic-mayonnaise-squeeze-475g-000000000000275699" class="base-link product-tile__link" data-track-type="internal" draggable="false"><div class="product-tile__picture" aria-hidden="true"><img class="base-image" srcset="https://dm.apac.cms.aldi.cx/is/image/aldiprodapac/product/jpg/scaleWidth/232/e7ee855b-33c6-4dbb-b0af-9a6b8d21445c/Authentic%20Mayonnaise%20Squeeze%20475g 116w,https://dm.apac.cms.aldi.cx/is/image/aldiprodapac/product/jpg/scaleWidth/306/e7ee855b-33c6-4dbb-b0af-9a6b8d21445c/Authentic%20Mayonnaise%20Squeeze%20475g 153w" sizes="(min-width: 992px) 153px, 116px" src="https://dm.apac.cms.aldi.cx/is/image/aldiprodapac/product/jpg/scaleWidth/232/e7ee855b-33c6-4dbb-b0af-9a6b8d21445c/Authentic%20Mayonnaise%20Squeeze%20475g" alt="Authentic Mayonnaise Squeeze 475g" loading="lazy" width="153" height="153" decoding="async" draggable="false"></div><div class="product-tile__badges"><!----><!----></div><div class="product-tile__brandname"><p>COLWAY</p></div><div class="product-tile__name"><p>Authentic Mayonnaise Squeeze 475g</p></div><div data-test="product-tile__unit-of-measurement" class="product-tile__unit-of-measurement"><p>475 G</p></div><div class="base-price base-price--product-tile product-tile__price"><div><!----><span class="base-price__comparison-price"><span>($0.95/100 G)</span></span><span class="base-price__regular"><span>$4.49</span><!----><!----></span><!----><!----><!----><!----></div></div></a><!----></div><!----></div><div id="product-tile-000000000000278716" class="product-teaser-item product-grid__item" data-mn="product-category-item-000000000000278716" is-disabled="false"><div class="product-tile" title="Italian Diced Tomatoes 400g"><a href="/product/remano-italian-diced-tomatoes-400g-000000000000278716" class="base-link product-tile__link" data-track-type="internal" draggable="false"><div class="product-tile__picture" aria-hidden="true"><img class="base-image" srcset="https://dm.apac.cms.aldi.cx/is/image/aldiprodapac/product/jpg/scaleWidth/232/ec29a462-82b7-41a1-a64b-5f2371583202/Italian%20Diced%20Tomatoes%20400g 116w,https://dm.apac.cms.aldi.cx/is/image/aldiprodapac/product/jpg/scaleWidth/306/ec29a462-82b7-41a1-a64b-5f2371583202/Italian%20Diced%20Tomatoes%20400g 153w" sizes="(min-width: 992px) 153px, 116px" src="https://dm.apac.cms.aldi.cx/is/image/aldiprodapac/product/jpg/scaleWidth/232/ec29a462-82b7-41a1-a64b-5f2371583202/Italian%20Diced%20Tomatoes%20400g" alt="Italian Diced Tomatoes 400g" loading="lazy" width="153" height="153" decoding="async" draggable="false"></div><div class="product-tile__badges"><!----><!----></div><div class="product-tile__brandname"><p>REMANO</p></div><div class="product-tile__name"><p>Italian Diced Tomatoes 400g</p></div><div data-test="product-tile__unit-of-measurement" class="product-tile__unit-of-measurement"><p>0.4 KG</p></div><div class="base-price base-price--product-tile product-tile__price"><div><!----><span class="base-price__comparison-price"><span>($2.38/1 KG)</span></span><span class="base-price__regular"><span>$0.95</span><!----><!----></span><!----><!----><!----><!----></div></div></a><!----></div><!----></div><div id="product-tile-000000000000278981" class="product-teaser-item product-grid__item" data-mn="product-category-item-000000000000278981" is-disabled="false"><div class="product-tile" title="Crumbed Calamari Rings 400g"><a href="/product/ocean-royale-crumbed-calamari-rings-400g-000000000000278981" class="base-link product-tile__link" data-track-type="internal" draggable="false"><div class="product-tile__picture" aria-hidden="true"><img class="base-image" srcset="https://dm.apac.cms.aldi.cx/is/image/aldiprodapac/product/jpg/scaleWidth/232/7394db98-937c-4bfb-a7ad-b4b61034bc03/Crumbed%20Calamari%20Rings%20400g 116w,https://dm.apac.cms.aldi.cx/is/image/aldiprodapac/product/jpg/scaleWidth/306/7394db98-937c-4bfb-a7ad-b4b61034bc03/Crumbed%20Calamari%20Rings%20400g 153w" sizes="(min-width: 992px) 153px, 116px" src="https://dm.apac.cms.aldi.cx/is/image/aldiprodapac/product/jpg/scaleWidth/232/7394db98-937c-4bfb-a7ad-b4b61034bc03/Crumbed%20Calamari%20Rings%20400g" alt="Crumbed Calamari Rings 400g" loading="lazy" width="153" height="153" decoding="async" draggable="false"></div><div class="product-tile__badges"><!----><!----></div><div class="product-tile__brandname"><p>OCEAN ROYALE</p></div><div class="product-tile__name"><p>Crumbed Calamari Rings 400g</p></div><div data-test="product-tile__unit-of-measurement" class="product-tile__unit-of-measurement"><p>0.4 KG</p></div><div class="base-price base-price--product-tile product-tile__price"><div><!----><span class="base-price__comparison-price"><span>($11.73/1KG)</span></span><span class="base-price__regular"><span>$4.69</span><!----><!----></span><!----><!----><!----><!----></div></div></a><!----></div><!----></div><div id="product-tile-000000000000278985" class="product-teaser-item product-grid__item" data-mn="product-category-item-000000000000278985" is-disabled="false"><div class="product-tile" title="Salt &amp; Pepper Squid 360g"><a href="/product/ocean-royale-salt-pepper-squid-360g-000000000000278985" class="base-link product-tile__link" data-track-type="internal" draggable="false"><div class="product-tile__picture" aria-hidden="true"><img class="base-image" srcset="https://dm.apac.cms.aldi.cx/is/image/aldiprodapac/product/jpg/scaleWidth/232/1ab83c58-8430-457a-8486-8a0fd53393b2/Salt%20%20Pepper%20Squid%20360g 116w,https://dm.apac.cms.aldi.cx/is/image/aldiprodapac/product/jpg/scaleWidth/306/1ab83c58-8430-457a-8486-8a0fd53393b2/Salt%20%20Pepper%20Squid%20360g 153w" sizes="(min-width: 992px) 153px, 116px" src="https://dm.apac.cms.aldi.cx/is/image/aldiprodapac/product/jpg/scaleWidth/232/1ab83c58-8430-457a-8486-8a0fd53393b2/Salt%20%20Pepper%20Squid%20360g" alt="Salt &amp; Pepper Squid 360g" loading="lazy" width="153" height="153" decoding="async" draggable="false"></div><div class="product-tile__badges"><!----><!----></div><div class="product-tile__brandname"><p>OCEAN ROYALE</p></div><div class="product-tile__name"><p>Salt &amp; Pepper Squid 360g</p></div><div data-test="product-tile__unit-of-measurement" class="product-tile__unit-of-measurement"><p>0.36 KG</p></div><div class="base-price base-price--product-tile product-tile__price"><div><!----><span class="base-price__comparison-price"><span>($14.69/1KG)</span></span><span class="base-price__regular"><span>$5.29</span><!----><!----></span><!----><!----><!----><!----></div></div></a><!----></div><!----></div><div id="product-tile-000000000000279936" class="product-teaser-item product-grid__item" data-mn="product-category-item-000000000000279936" is-disabled="false"><div class="product-tile" title="Basa Fillets 1kg"><a href="/product/ocean-royale-basa-fillets-1kg-000000000000279936" class="base-link product-tile__link" data-track-type="internal" draggable="false"><div class="product-tile__picture" aria-hidden="true"><img class="base-image" srcset="https://dm.apac.cms.aldi.cx/is/image/aldiprodapac/product/jpg/scaleWidth/232/dd1524a3-44f3-4f10-8c12-0e45fce798bd/Basa%20Fillets%201kg 116w,https://dm.apac.cms.aldi.cx/is/image/aldiprodapac/product/jpg/scaleWidth/306/dd1524a3-44f3-4f10-8c12-0e45fce798bd/Basa%20Fillets%201kg 153w" sizes="(min-width: 992px) 153px, 116px" src="https://dm.apac.cms.aldi.cx/is/image/aldiprodapac/product/jpg/scaleWidth/232/dd1524a3-44f3-4f10-8c12-0e45fce798bd/Basa%20Fillets%201kg" alt="Basa Fillets 1kg" loading="lazy" width="153" height="153" decoding="async" draggable="false"></div><div class="product-tile__badges"><!----><!----></div><div class="product-tile__brandname"><p>OCEAN ROYALE</p></div><div class="product-tile__name"><p>Basa Fillets 1kg</p></div><div data-test="product-tile__unit-of-measurement" class="product-tile__unit-of-measurement"><p>1 KG</p></div><div class="base-price base-price--product-tile product-tile__price"><div><!----><span class="base-price__comparison-price"><span>($6.99/1KG)</span></span><span class="base-price__regular"><span>$6.99</span><!----><!----></span><!----><!----><!----><!----></div></div></a><!----></div><!----></div><div id="product-tile-000000000000279961" class="product-teaser-item product-grid__item" data-mn="product-category-item-000000000000279961" is-disabled="false"><div class="product-tile" title="Barramundi Fillets 1kg"><a href="/product/ocean-royale-barramundi-portions-1kg-000000000000279961" class="base-link product-tile__link" data-track-type="internal" draggable="false"><div class="product-tile__picture" aria-hidden="true"><img class="base-image" srcset="https://dm.apac.cms.aldi.cx/is/image/aldiprodapac/product/jpg/scaleWidth/232/5ab42d82-8d94-4dfe-bd8a-3188841c7d32/Barramundi%20Fillets%201kg 116w,https://dm.apac.cms.aldi.cx/is/image/aldiprodapac/product/jpg/scaleWidth/306/5ab42d82-8d94-4dfe-bd8a-3188841c7d32/Barramundi%20Fillets%201kg 153w" sizes="(min-width: 992px) 153px, 116px" src="https://dm.apac.cms.aldi.cx/is/image/aldiprodapac/product/jpg/scaleWidth/232/5ab42d82-8d94-4dfe-bd8a-3188841c7d32/Barramundi%20Fillets%201kg" alt="Barramundi Fillets 1kg" loading="lazy" width="153" height="153" decoding="async" draggable="false"></div><div class="product-tile__badges"><!----><!----></div><div class="product-tile__brandname"><p>OCEAN ROYALE</p></div><div class="product-tile__name"><p>Barramundi Fillets 1kg</p></div><div data-test="product-tile__unit-of-measurement" class="product-tile__unit-of-measurement"><p>1 KG</p></div><div class="base-price base-price--product-tile product-tile__price"><div><!----><span class="base-price__comparison-price"><span>($19.49/1 KG)</span></span><span class="base-price__regular"><span>$19.49</span><!----><!----></span><!----><!----><!----><!----></div></div></a><!----></div><!----></div><div id="product-tile-000000000000280732" class="product-teaser-item product-grid__item" data-mn="product-category-item-000000000000280732" is-disabled="false"><div class="product-tile" title="Peach Slices In Syrup 825g"><a href="/product/sweet-valley-peach-slices-in-syrup-825g-000000000000280732" class="base-link product-tile__link" data-track-type="internal" draggable="false"><div class="product-tile__picture" aria-hidden="true"><img class="base-image" srcset="https://dm.apac.cms.aldi.cx/is/image/aldiprodapac/product/jpg/scaleWidth/232/14b8b982-21ea-496e-9fc1-0cfd8f074ce4/Peach%20Slices%20In%20Syrup%20825g 116w,https://dm.apac.cms.aldi.cx/is/image/aldiprodapac/product/jpg/scaleWidth/306/14b8b982-21ea-496e-9fc1-0cfd8f074ce4/Peach%20Slices%20In%20Syrup%20825g 153w" sizes="(min-width: 992px) 153px, 116px" src="https://dm.apac.cms.aldi.cx/is/image/aldiprodapac/product/jpg/scaleWidth/232/14b8b982-21ea-496e-9fc1-0cfd8f074ce4/Peach%20Slices%20In%20Syrup%20825g" alt="Peach Slices In Syrup 825g" loading="lazy" width="153" height="153" decoding="async" draggable="false"></div><div class="product-tile__badges"><!----><!----></div><div class="product-tile__brandname"><p>SWEET VALLEY</p></div><div class="product-tile__name"><p>Peach Slices In Syrup 825g</p></div><div data-test="product-tile__unit-of-measurement" class="product-tile__unit-of-measurement"><p>0.825 KG</p></div><div class="base-price base-price--product-tile product-tile__price"><div><!----><span class="base-price__comparison-price"><span>($2.90/1 KG)</span></span><span class="base-price__regular"><span>$2.39</span><!----><!----></span><!----><!----><!----><!----></div></div></a><!----></div><!----></div><div id="product-tile-000000000000281335" class="product-teaser-item product-grid__item" data-mn="product-category-item-000000000000281335" is-disabled="false"><div class="product-tile" title="Aluminium Foil 30m"><a href="/product/goliath-aluminium-foil-30m-000000000000281335" class="base-link product-tile__link" data-track-type="internal" draggable="false"><div class="product-tile__picture" aria-hidden="true"><img class="base-image" srcset="https://dm.apac.cms.aldi.cx/is/image/aldiprodapac/product/jpg/scaleWidth/232/83d749c4-7272-469b-8fac-ac1ae54c65d3/Aluminium%20Foil%2030m 116w,https://dm.apac.cms.aldi.cx/is/image/aldiprodapac/product/jpg/scaleWidth/306/83d749c4-7272-469b-8fac-ac1ae54c65d3/Aluminium%20Foil%2030m 153w" sizes="(min-width: 992px) 153px, 116px" src="https://dm.apac.cms.aldi.cx/is/image/aldiprodapac/product/jpg/scaleWidth/232/83d749c4-7272-469b-8fac-ac1ae54c65d3/Aluminium%20Foil%2030m" alt="Aluminium Foil 30m" loading="lazy" width="153" height="153" decoding="async" draggable="false"></div><div class="product-tile__badges"><!----><!----></div><div class="product-tile__brandname"><p>GOLIATH</p></div><div class="product-tile__name"><p>Aluminium Foil 30m</p></div><div data-test="product-tile__unit-of-measurement" class="product-tile__unit-of-measurement"><p>30 M</p></div><div class="base-price base-price--product-tile product-tile__price"><div><!----><span class="base-price__comparison-price"><span>($0.13/1 M)</span></span><span class="base-price__regular"><span>$3.99</span><!----><!----></span><!----><!----><!----><!----></div></div></a><!----></div><!----></div><div id="product-tile-000000000000281783" class="product-teaser-item product-grid__item" data-mn="product-category-item-000000000000281783" is-disabled="false"><div class="product-tile" title="Cling Wrap 60m"><a href="/product/goliath-cling-wrap-60m-000000000000281783" class="base-link product-tile__link" data-track-type="internal" draggable="false"><div class="product-tile__picture" aria-hidden="true"><img class="base-image" srcset="https://dm.apac.cms.aldi.cx/is/image/aldiprodapac/product/jpg/scaleWidth/232/9e777c28-d972-4936-b671-10558dc7b603/Cling%20Wrap%2060m 116w,https://dm.apac.cms.aldi.cx/is/image/aldiprodapac/product/jpg/scaleWidth/306/9e777c28-d972-4936-b671-10558dc7b603/Cling%20Wrap%2060m 153w" sizes="(min-width: 992px) 153px, 116px" src="https://dm.apac.cms.aldi.cx/is/image/aldiprodapac/product/jpg/scaleWidth/232/9e777c28-d972-4936-b671-10558dc7b603/Cling%20Wrap%2060m" alt="Cling Wrap 60m" loading="lazy" width="153" height="153" decoding="async" draggable="false"></div><div class="product-tile__badges"><!----><!----></div><div class="product-tile__brandname"><p>GOLIATH</p></div><div class="product-tile__name"><p>Cling Wrap 60m</p></div><div data-test="product-tile__unit-of-measurement" class="product-tile__unit-of-measurement"><p>60 M</p></div><div class="base-price base-price--product-tile product-tile__price"><div><!----><span class="base-price__comparison-price"><span>($0.02/1M)</span></span><span class="base-price__regular"><span>$1.39</span><!----><!----></span><!----><!----><!----><!----></div></div></a><!----></div><!----></div><div id="product-tile-000000000000281811" class="product-teaser-item product-grid__item" data-mn="product-category-item-000000000000281811" is-disabled="false"><div class="product-tile" title="Triple Cream Brie Cheese 200g"><a href="/product/emporium-selection-triple-cream-brie-cheese-200g-000000000000281811" class="base-link product-tile__link" data-track-type="internal" draggable="false"><div class="product-tile__picture" aria-hidden="true"><img class="base-image" srcset="https://dm.apac.cms.aldi.cx/is/image/aldiprodapac/product/jpg/scaleWidth/232/062a3faa-4a09-48b2-bad0-521224c694eb/Triple%20Cream%20Brie%20Cheese%20200g 116w,https://dm.apac.cms.aldi.cx/is/image/aldiprodapac/product/jpg/scaleWidth/306/062a3faa-4a09-48b2-bad0-521224c694eb/Triple%20Cream%20Brie%20Cheese%20200g 153w" sizes="(min-width: 992px) 153px, 116px" src="https://dm.apac.cms.aldi.cx/is/image/aldiprodapac/product/jpg/scaleWidth/232/062a3faa-4a09-48b2-bad0-521224c694eb/Triple%20Cream%20Brie%20Cheese%20200g" alt="Triple Cream Brie Cheese 200g" loading="lazy" width="153" height="153" decoding="async" draggable="false"></div><div class="product-tile__badges"><!----><!----></div><div class="product-tile__brandname"><p>EMPORIUM SELECTION</p></div><div class="product-tile__name"><p>Triple Cream Brie Cheese 200g</p></div><div data-test="product-tile__unit-of-measurement" class="product-tile__unit-of-measurement"><p>0.2 KG</p></div><div class="base-price base-price--product-tile product-tile__price"><div><!----><span class="base-price__comparison-price"><span>($22.45/1 KG)</span></span><span class="base-price__regular"><span>$4.49</span><!----><!----></span><!----><!----><!----><!----></div></div></a><!----></div><!----></div><div id="product-tile-000000000000281818" class="product-teaser-item product-grid__item" data-mn="product-category-item-000000000000281818" is-disabled="false"><div class="product-tile" title="Double Cream Camembert 200g"><a href="/product/emporium-selection-double-cream-camembert-200g-000000000000281818" class="base-link product-tile__link" data-track-type="internal" draggable="false"><div class="product-tile__picture" aria-hidden="true"><img class="base-image" srcset="https://dm.apac.cms.aldi.cx/is/image/aldiprodapac/product/jpg/scaleWidth/232/47933bb7-6e5e-4adf-9ac5-9b2b4aae8513/Double%20Cream%20Camembert%20200g 116w,https://dm.apac.cms.aldi.cx/is/image/aldiprodapac/product/jpg/scaleWidth/306/47933bb7-6e5e-4adf-9ac5-9b2b4aae8513/Double%20Cream%20Camembert%20200g 153w" sizes="(min-width: 992px) 153px, 116px" src="https://dm.apac.cms.aldi.cx/is/image/aldiprodapac/product/jpg/scaleWidth/232/47933bb7-6e5e-4adf-9ac5-9b2b4aae8513/Double%20Cream%20Camembert%20200g" alt="Double Cream Camembert 200g" loading="lazy" width="153" height="153" decoding="async" draggable="false"></div><div class="product-tile__badges"><!----><!----></div><div class="product-tile__brandname"><p>EMPORIUM SELECTION</p></div><div class="product-tile__name"><p>Double Cream Camembert 200g</p></div><div data-test="product-tile__unit-of-measurement" class="product-tile__unit-of-measurement"><p>0.2 KG</p></div><div class="base-price base-price--product-tile product-tile__price"><div><!----><span class="base-price__comparison-price"><span>($22.45/1 KG)</span></span><span class="base-price__regular"><span>$4.49</span><!----><!----></span><!----><!----><!----><!----></div></div></a><!----></div><!----></div><div id="product-tile-000000000000281867" class="product-teaser-item product-grid__item" data-mn="product-category-item-000000000000281867" is-disabled="false"><div class="product-tile" title="Smooth Blue Vein Cheese 200g"><a href="/product/emporium-selection-smooth-blue-vein-cheese-200g-000000000000281867" class="base-link product-tile__link" data-track-type="internal" draggable="false"><div class="product-tile__picture" aria-hidden="true"><img class="base-image" srcset="https://dm.apac.cms.aldi.cx/is/image/aldiprodapac/product/jpg/scaleWidth/232/676478e4-d728-4b79-8441-bd86a86a45e1/Smooth%20Blue%20Vein%20Cheese%20200g 116w,https://dm.apac.cms.aldi.cx/is/image/aldiprodapac/product/jpg/scaleWidth/306/676478e4-d728-4b79-8441-bd86a86a45e1/Smooth%20Blue%20Vein%20Cheese%20200g 153w" sizes="(min-width: 992px) 153px, 116px" src="https://dm.apac.cms.aldi.cx/is/image/aldiprodapac/product/jpg/scaleWidth/232/676478e4-d728-4b79-8441-bd86a86a45e1/Smooth%20Blue%20Vein%20Cheese%20200g" alt="Smooth Blue Vein Cheese 200g" loading="lazy" width="153" height="153" decoding="async" draggable="false"></div><div class="product-tile__badges"><!----><!----></div><div class="product-tile__brandname"><p>EMPORIUM SELECTION</p></div><div class="product-tile__name"><p>Smooth Blue Vein Cheese 200g</p></div><div data-test="product-tile__unit-of-measurement" class="product-tile__unit-of-measurement"><p>0.2 KG</p></div><div class="base-price base-price--product-tile product-tile__price"><div><!----><span class="base-price__comparison-price"><span>($27.45/1 KG)</span></span><span class="base-price__regular"><span>$5.49</span><!----><!----></span><!----><!----><!----><!----></div></div></a><!----></div><!----></div><div id="product-tile-000000000000281931" class="product-teaser-item product-grid__item" data-mn="product-category-item-000000000000281931" is-disabled="false"><div class="product-tile" title="Ferrero Rocher 200g"><a href="/product/ferrero-ferrero-rocher-200g-000000000000281931" class="base-link product-tile__link" data-track-type="internal" draggable="false"><div class="product-tile__picture" aria-hidden="true"><img class="base-image" srcset="https://dm.apac.cms.aldi.cx/is/image/aldiprodapac/product/jpg/scaleWidth/232/600bdeb4-31e2-43e1-be51-0f0bad84e50a/Ferrero%20Rocher%20200g 116w,https://dm.apac.cms.aldi.cx/is/image/aldiprodapac/product/jpg/scaleWidth/306/600bdeb4-31e2-43e1-be51-0f0bad84e50a/Ferrero%20Rocher%20200g 153w" sizes="(min-width: 992px) 153px, 116px" src="https://dm.apac.cms.aldi.cx/is/image/aldiprodapac/product/jpg/scaleWidth/232/600bdeb4-31e2-43e1-be51-0f0bad84e50a/Ferrero%20Rocher%20200g" alt="Ferrero Rocher 200g" loading="lazy" width="153" height="153" decoding="async" draggable="false"></div><div class="product-tile__badges"><div class="base-label base-label--info text-single-line">While Stocks Last</div><!----></div><div class="product-tile__brandname"><p>FERRERO</p></div><div class="product-tile__name"><p>Ferrero Rocher 200g</p></div><div data-test="product-tile__unit-of-measurement" class="product-tile__unit-of-measurement"><p>200 G</p></div><div class="base-price base-price--product-tile product-tile__price"><div><!----><span class="base-price__comparison-price"><span>($4.75/100 G)</span></span><span class="base-price__regular"><span>$9.49</span><!----><!----></span><!----><!----><!----><!----></div></div></a><!----></div><!----></div><div id="product-tile-000000000000282420" class="product-teaser-item product-grid__item" data-mn="product-category-item-000000000000282420" is-disabled="false"><div class="product-tile" title="Natural Walnuts 500g"><a href="/product/forresters-natural-walnuts-500g-000000000000282420" class="base-link product-tile__link" data-track-type="internal" draggable="false"><div class="product-tile__picture" aria-hidden="true"><img class="base-image" srcset="https://dm.apac.cms.aldi.cx/is/image/aldiprodapac/product/jpg/scaleWidth/232/7a9ca36f-138b-441b-b6c7-ca33f2700499/Natural%20Walnuts%20500g 116w,https://dm.apac.cms.aldi.cx/is/image/aldiprodapac/product/jpg/scaleWidth/306/7a9ca36f-138b-441b-b6c7-ca33f2700499/Natural%20Walnuts%20500g 153w" sizes="(min-width: 992px) 153px, 116px" src="https://dm.apac.cms.aldi.cx/is/image/aldiprodapac/product/jpg/scaleWidth/232/7a9ca36f-138b-441b-b6c7-ca33f2700499/Natural%20Walnuts%20500g" alt="Natural Walnuts 500g" loading="lazy" width="153" height="153" decoding="async" draggable="false"></div><div class="product-tile__badges"><!----><!----></div><div class="product-tile__brandname"><p>FORRESTERS</p></div><div class="product-tile__name"><p>Natural Walnuts 500g</p></div><div data-test="product-tile__unit-of-measurement" class="product-tile__unit-of-measurement"><p>0.5 KG</p></div><div class="base-price base-price--product-tile product-tile__price"><div><!----><span class="base-price__comparison-price"><span>($19.98/1 KG)</span></span><span class="base-price__regular"><span>$9.99</span><!----><!----></span><!----><!----><!----><!----></div></div></a><!----></div><!----></div><!--]--></div></div><div style="" class="product-listing-viewer__pagination"><nav aria-label="pagination" class="base-pagination"><span data-test="previous-page--disabled" class="base-pagination__arrow"><span class="base-icon color--light-gray" style=""><!--[--><svg aria-hidden="true" xmlns="http://www.w3.org/2000/svg" width="24" height="24" viewBox="0 0 24 24" fill="none"><path fill="currentColor" d="M14.94 18.379a1.5 1.5 0 0 1 0 2.121l-1.824-1.824a.854.854 0 0 1-.022-.02L6.969 12.53a.75.75 0 0 1 0-1.06l6.125-6.125a.778.778 0 0 1 .022-.021L14.94 3.5a1.5 1.5 0 0 1 0 2.121L8.56 12l6.38 6.379Z"></path></svg><!--]--></span></span><!----><!----><!--[--><!--[--><span class="base-link base-pagination__count base-pagination__count--active" aria-current="page" aria-label="page 1" data-test="current-page">1</span><!--]--><!--[--><a aria-current="page" href="/products?page=2" class="router-link-active router-link-exact-active base-link base-pagination__count" aria-label="page 2" data-track-type="internal" draggable="false" data-test="page-2"><!--[-->2<!--]--></a><!--]--><!--[--><a aria-current="page" href="/products?page=3" class="router-link-active router-link-exact-active base-link base-pagination__count" aria-label="page 3" data-track-type="internal" draggable="false" data-test="page-3"><!--[-->3<!--]--></a><!--]--><!--[--><a aria-current="page" href="/products?page=4" class="router-link-active router-link-exact-active base-link base-pagination__count" aria-label="page 4" data-track-type="internal" draggable="false" data-test="page-4"><!--[-->4<!--]--></a><!--]--><!--[--><a aria-current="page" href="/products?page=5" class="router-link-active router-link-exact-active base-link base-pagination__count" aria-label="page 5" data-track-type="internal" draggable="false" data-test="page-5"><!--[-->5<!--]--></a><!--]--><!--]--><span class="base-pagination__dots-right" aria-hidden="true">...</span><a aria-current="page" href="/products?page=109" class="router-link-active router-link-exact-active base-link base-pagination__count" aria-label="page 109" data-track-type="internal" draggable="false" data-test="last-page">109</a><a aria-current="page" href="/products?page=2" class="router-link-active router-link-exact-active base-link base-pagination__arrow" aria-label="Next" data-track-type="internal" draggable="false" data-test="next-page"><span class="base-icon color--secondary-blue-100"><svg aria-hidden="true" xmlns="http://www.w3.org/2000/svg" width="24" height="24" fill="none" viewBox="0 0 24 24"><path fill="currentColor" d="M9.06 5.621a1.5 1.5 0 0 1 0-2.121l1.824 1.824a.776.776 0 0 1 .022.02l6.125 6.126a.75.75 0 0 1 0 1.06l-6.125 6.125a.713.713 0 0 1-.022.021L9.06 20.5a1.5 1.5 0 0 1 0-2.121L15.44 12 9.06 5.621Z"></path></svg></span></a></nav></div><!----></div></div><!----></div><!--]--><!--]--><!--]--><!--]--></div></section><!----></main><!--]--><!--teleport start--><!--teleport end--><footer class="base-page-footer" data-test="footer-wrapper"><div class="base-page-footer__content"><!----><section class="container-layout" style=""><div class="component-layout--wide component-layout"><!--[--><div id="footer" class="footer-navigation"><h2 class="sr-only">Footer Menu - further links</h2><div class="base-bordered-list footer-navigation__help" data-test="footer-navigation-about-us"><!--[--><h3 class="base-bordered-list__headline">Help &amp; Support</h3><div class="base-bordered-list__content"><!--[--><!--[--><a href="https://help.aldi.com.au/" class="base-link linklist-item linklist-item--standard" data-track-type="external" target="_blank" rel="noopener" draggable="false"><!--[--><!--[--><!----><div class="linklist-item__wrapper"><div class="linklist-item__text"><!--[-->Help Centre<!--]--></div><div class="linklist-item__icon"><span class="base-icon color--black" style=""><!--[--><svg aria-hidden="true" xmlns="http://www.w3.org/2000/svg" width="24" height="24" fill="none" viewBox="0 0 24 24"><path fill="currentColor" d="M9.06 5.621a1.5 1.5 0 0 1 0-2.121l1.824 1.824a.776.776 0 0 1 .022.02l6.125 6.126a.75.75 0 0 1 0 1.06l-6.125 6.125a.713.713 0 0 1-.022.021L9.06 20.5a1.5 1.5 0 0 1 0-2.121L15.44 12 9.06 5.621Z"></path></svg><!--]--></span></div></div><!--]--><!----><!--]--><p class="sr-only">(opens in a new tab)</p><!----></a><a href="https://store.aldi.com.au/storelocator" class="base-link linklist-item linklist-item--standard" data-track-type="external" target="_blank" rel="noopener" draggable="false"><!--[--><!--[--><!----><div class="linklist-item__wrapper"><div class="linklist-item__text"><!--[-->Store Locator<!--]--></div><div class="linklist-item__icon"><span class="base-icon color--black" style=""><!--[--><svg aria-hidden="true" xmlns="http://www.w3.org/2000/svg" width="24" height="24" fill="none" viewBox="0 0 24 24"><path fill="currentColor" d="M9.06 5.621a1.5 1.5 0 0 1 0-2.121l1.824 1.824a.776.776 0 0 1 .022.02l6.125 6.126a.75.75 0 0 1 0 1.06l-6.125 6.125a.713.713 0 0 1-.022.021L9.06 20.5a1.5 1.5 0 0 1 0-2.121L15.44 12 9.06 5.621Z"></path></svg><!--]--></span></div></div><!--]--><!----><!--]--><p class="sr-only">(opens in a new tab)</p><!----></a><a href="/product-recalls" class="base-link linklist-item linklist-item--standard" data-track-type="internal" draggable="false"><!--[--><!--[--><!----><div class="linklist-item__wrapper"><div class="linklist-item__text"><!--[-->Product Recalls<!--]--></div><div class="linklist-item__icon"><span class="base-icon color--black" style=""><!--[--><svg aria-hidden="true" xmlns="http://www.w3.org/2000/svg" width="24" height="24" fill="none" viewBox="0 0 24 24"><path fill="currentColor" d="M9.06 5.621a1.5 1.5 0 0 1 0-2.121l1.824 1.824a.776.776 0 0 1 .022.02l6.125 6.126a.75.75 0 0 1 0 1.06l-6.125 6.125a.713.713 0 0 1-.022.021L9.06 20.5a1.5 1.5 0 0 1 0-2.121L15.44 12 9.06 5.621Z"></path></svg><!--]--></span></div></div><!--]--><!----><!--]--></a><a href="/special-buys-delays" class="base-link linklist-item linklist-item--standard" data-track-type="internal" draggable="false"><!--[--><!--[--><!----><div class="linklist-item__wrapper"><div class="linklist-item__text"><!--[-->Special Buys Delays<!--]--></div><div class="linklist-item__icon"><span class="base-icon color--black" style=""><!--[--><svg aria-hidden="true" xmlns="http://www.w3.org/2000/svg" width="24" height="24" fill="none" viewBox="0 0 24 24"><path fill="currentColor" d="M9.06 5.621a1.5 1.5 0 0 1 0-2.121l1.824 1.824a.776.776 0 0 1 .022.02l6.125 6.126a.75.75 0 0 1 0 1.06l-6.125 6.125a.713.713 0 0 1-.022.021L9.06 20.5a1.5 1.5 0 0 1 0-2.121L15.44 12 9.06 5.621Z"></path></svg><!--]--></span></div></div><!--]--><!----><!--]--></a><a href="https://help.aldi.com.au/stock-availability" class="base-link linklist-item linklist-item--standard" data-track-type="external" target="_blank" rel="noopener" draggable="false"><!--[--><!--[--><!----><div class="linklist-item__wrapper"><div class="linklist-item__text"><!--[-->Stock Checker<!--]--></div><div class="linklist-item__icon"><span class="base-icon color--black" style=""><!--[--><svg aria-hidden="true" xmlns="http://www.w3.org/2000/svg" width="24" height="24" fill="none" viewBox="0 0 24 24"><path fill="currentColor" d="M9.06 5.621a1.5 1.5 0 0 1 0-2.121l1.824 1.824a.776.776 0 0 1 .022.02l6.125 6.126a.75.75 0 0 1 0 1.06l-6.125 6.125a.713.713 0 0 1-.022.021L9.06 20.5a1.5 1.5 0 0 1 0-2.121L15.44 12 9.06 5.621Z"></path></svg><!--]--></span></div></div><!--]--><!----><!--]--><p class="sr-only">(opens in a new tab)</p><!----></a><a href="https://account.aldi.com.au/email-sign-up" class="base-link linklist-item linklist-item--standard" data-track-type="external" target="_blank" rel="noopener" draggable="false"><!--[--><!--[--><!----><div class="linklist-item__wrapper"><div class="linklist-item__text"><!--[-->Newsletter Sign Up<!--]--></div><div class="linklist-item__icon"><span class="base-icon color--black" style=""><!--[--><svg aria-hidden="true" xmlns="http://www.w3.org/2000/svg" width="24" height="24" fill="none" viewBox="0 0 24 24"><path fill="currentColor" d="M9.06 5.621a1.5 1.5 0 0 1 0-2.121l1.824 1.824a.776.776 0 0 1 .022.02l6.125 6.126a.75.75 0 0 1 0 1.06l-6.125 6.125a.713.713 0 0 1-.022.021L9.06 20.5a1.5 1.5 0 0 1 0-2.121L15.44 12 9.06 5.621Z"></path></svg><!--]--></span></div></div><!--]--><!----><!--]--><p class="sr-only">(opens in a new tab)</p><!----></a><!--]--><!--]--></div><!--]--></div><div class="base-bordered-list footer-navigation__corporate" data-test="footer-navigation-help"><!--[--><h3 class="base-bordered-list__headline">About Us</h3><div class="base-bordered-list__content"><!--[--><!--[--><a href="/what-makes-us-good-different" class="base-link linklist-item linklist-item--standard" data-track-type="internal" draggable="false"><!--[--><!--[--><!----><div class="linklist-item__wrapper"><div class="linklist-item__text"><!--[-->What Makes Us Good Different<!--]--></div><div class="linklist-item__icon"><span class="base-icon color--black" style=""><!--[--><svg aria-hidden="true" xmlns="http://www.w3.org/2000/svg" width="24" height="24" fill="none" viewBox="0 0 24 24"><path fill="currentColor" d="M9.06 5.621a1.5 1.5 0 0 1 0-2.121l1.824 1.824a.776.776 0 0 1 .022.02l6.125 6.126a.75.75 0 0 1 0 1.06l-6.125 6.125a.713.713 0 0 1-.022.021L9.06 20.5a1.5 1.5 0 0 1 0-2.121L15.44 12 9.06 5.621Z"></path></svg><!--]--></span></div></div><!--]--><!----><!--]--></a><a href="/sustainability" class="base-link linklist-item linklist-item--standard" data-track-type="internal" draggable="false"><!--[--><!--[--><!----><div class="linklist-item__wrapper"><div class="linklist-item__text"><!--[-->Sustainability<!--]--></div><div class="linklist-item__icon"><span class="base-icon color--black" style=""><!--[--><svg aria-hidden="true" xmlns="http://www.w3.org/2000/svg" width="24" height="24" fill="none" viewBox="0 0 24 24"><path fill="currentColor" d="M9.06 5.621a1.5 1.5 0 0 1 0-2.121l1.824 1.824a.776.776 0 0 1 .022.02l6.125 6.126a.75.75 0 0 1 0 1.06l-6.125 6.125a.713.713 0 0 1-.022.021L9.06 20.5a1.5 1.5 0 0 1 0-2.121L15.44 12 9.06 5.621Z"></path></svg><!--]--></span></div></div><!--]--><!----><!--]--></a><a href="https://www.aldicareers.com.au/" class="base-link linklist-item linklist-item--standard" data-track-type="external" target="_blank" rel="noopener" draggable="false"><!--[--><!--[--><!----><div class="linklist-item__wrapper"><div class="linklist-item__text"><!--[-->Careers<!--]--></div><div class="linklist-item__icon"><span class="base-icon color--black" style=""><!--[--><svg aria-hidden="true" xmlns="http://www.w3.org/2000/svg" width="24" height="24" fill="none" viewBox="0 0 24 24"><path fill="currentColor" d="M9.06 5.621a1.5 1.5 0 0 1 0-2.121l1.824 1.824a.776.776 0 0 1 .022.02l6.125 6.126a.75.75 0 0 1 0 1.06l-6.125 6.125a.713.713 0 0 1-.022.021L9.06 20.5a1.5 1.5 0 0 1 0-2.121L15.44 12 9.06 5.621Z"></path></svg><!--]--></span></div></div><!--]--><!----><!--]--><p class="sr-only">(opens in a new tab)</p><!----></a><a href="/corporate-suppliers" class="base-link linklist-item linklist-item--standard" data-track-type="internal" draggable="false"><!--[--><!--[--><!----><div class="linklist-item__wrapper"><div class="linklist-item__text"><!--[-->Corporate &amp; Suppliers<!--]--></div><div class="linklist-item__icon"><span class="base-icon color--black" style=""><!--[--><svg aria-hidden="true" xmlns="http://www.w3.org/2000/svg" width="24" height="24" fill="none" viewBox="0 0 24 24"><path fill="currentColor" d="M9.06 5.621a1.5 1.5 0 0 1 0-2.121l1.824 1.824a.776.776 0 0 1 .022.02l6.125 6.126a.75.75 0 0 1 0 1.06l-6.125 6.125a.713.713 0 0 1-.022.021L9.06 20.5a1.5 1.5 0 0 1 0-2.121L15.44 12 9.06 5.621Z"></path></svg><!--]--></span></div></div><!--]--><!----><!--]--></a><a href="https://www.aldiunpacked.com.au/" class="base-link linklist-item linklist-item--standard" data-track-type="external" target="_blank" rel="noopener" draggable="false"><!--[--><!--[--><!----><div class="linklist-item__wrapper"><div class="linklist-item__text"><!--[-->Media Centre<!--]--></div><div class="linklist-item__icon"><span class="base-icon color--black" style=""><!--[--><svg aria-hidden="true" xmlns="http://www.w3.org/2000/svg" width="24" height="24" fill="none" viewBox="0 0 24 24"><path fill="currentColor" d="M9.06 5.621a1.5 1.5 0 0 1 0-2.121l1.824 1.824a.776.776 0 0 1 .022.02l6.125 6.126a.75.75 0 0 1 0 1.06l-6.125 6.125a.713.713 0 0 1-.022.021L9.06 20.5a1.5 1.5 0 0 1 0-2.121L15.44 12 9.06 5.621Z"></path></svg><!--]--></span></div></div><!--]--><!----><!--]--><p class="sr-only">(opens in a new tab)</p><!----></a><a href="https://www.aldi.com/?aldiurl=true" class="base-link linklist-item linklist-item--standard" data-track-type="external" target="_blank" rel="noopener" draggable="false"><!--[--><!--[--><!----><div class="linklist-item__wrapper"><div class="linklist-item__text"><!--[-->ALDI International<!--]--></div><div class="linklist-item__icon"><span class="base-icon color--black" style=""><!--[--><svg aria-hidden="true" xmlns="http://www.w3.org/2000/svg" width="24" height="24" fill="none" viewBox="0 0 24 24"><path fill="currentColor" d="M9.06 5.621a1.5 1.5 0 0 1 0-2.121l1.824 1.824a.776.776 0 0 1 .022.02l6.125 6.126a.75.75 0 0 1 0 1.06l-6.125 6.125a.713.713 0 0 1-.022.021L9.06 20.5a1.5 1.5 0 0 1 0-2.121L15.44 12 9.06 5.621Z"></path></svg><!--]--></span></div></div><!--]--><!----><!--]--><p class="sr-only">(opens in a new tab)</p><!----></a><!--]--><!--]--></div><!--]--></div><div class="footer-navigation__payment-and-social"><!----><div class="base-bordered-list footer-navigation__social"><!--[--><h3 class="base-bordered-list__headline">Find us on our socials</h3><div class="base-bordered-list__content"><!--[--><ul class="footer-navigation__list"><!--[--><li class="footer-navigation__item"><a href="https://www.facebook.com/ALDI.Australia" class="base-link icon-tile footer-navigation__icon" aria-label="Facebook (opens in a new tab)" data-track-type="external" target="_blank" rel="noopener" draggable="false"><!--[--><img class="base-image" src="https://dm.apac.cms.aldi.cx/is/content/aldiprodapac/facebook" alt="" loading="lazy" width="32" height="32" decoding="async" onerror="this.setAttribute('data-error', 1)"><!--]--><!----><!----></a></li><li class="footer-navigation__item"><a href="https://www.instagram.com/aldiaustralia/?hl=en" class="base-link icon-tile footer-navigation__icon" aria-label="Instagram (opens in a new tab)" data-track-type="external" target="_blank" rel="noopener" draggable="false"><!--[--><img class="base-image" src="https://dm.apac.cms.aldi.cx/is/content/aldiprodapac/instagram" alt="" loading="lazy" width="32" height="32" decoding="async" onerror="this.setAttribute('data-error', 1)"><!--]--><!----><!----></a></li><li class="footer-navigation__item"><a href="https://au.linkedin.com/company/aldi-stores-australia" class="base-link icon-tile footer-navigation__icon" aria-label="LinkedIn (opens in a new tab)" data-track-type="external" target="_blank" rel="noopener" draggable="false"><!--[--><img class="base-image" src="https://dm.apac.cms.aldi.cx/is/content/aldiprodapac/LinkedIn%20Icon" alt="" loading="lazy" width="32" height="32" decoding="async" onerror="this.setAttribute('data-error', 1)"><!--]--><!----><!----></a></li><li class="footer-navigation__item"><a href="https://www.youtube.com/user/ALDIAustralia" class="base-link icon-tile footer-navigation__icon" aria-label="YouTube (opens in a new tab)" data-track-type="external" target="_blank" rel="noopener" draggable="false"><!--[--><img class="base-image" src="https://dm.apac.cms.aldi.cx/is/content/aldiprodapac/youtube" alt="" loading="lazy" width="32" height="32" decoding="async" onerror="this.setAttribute('data-error', 1)"><!--]--><!----><!----></a></li><!--]--></ul><!--]--></div><!--]--></div></div></div><!--]--></div></section><section class="container-layout background-color--white footer-meta-navigation-container" style=""><div class="component-layout--wide component-layout"><!--[--><div class="base-meta-navigation footer-meta-navigation-container__meta"><h2 class="sr-only">Privacy and Policy Menu</h2><div class="base-meta-navigation__list"><!--[--><!--[--><div class="base-meta-navigation__list__item"><!----><a href="/privacy-policy" class="base-link base-meta-navigation__list__link" aria-label="" data-track-type="internal" draggable="false"><!--[--><!--[-->Privacy Policy<!--]--><!----><!--]--></a></div><!--]--><!--[--><div class="base-meta-navigation__list__item"><!----><a href="/data-protection" class="base-link base-meta-navigation__list__link" aria-label="" data-track-type="internal" draggable="false"><!--[--><!--[-->Data Protection<!--]--><!----><!--]--></a></div><!--]--><!--[--><div class="base-meta-navigation__list__item"><!----><a href="/legal-notice" class="base-link base-meta-navigation__list__link" aria-label="" data-track-type="internal" draggable="false"><!--[--><!--[-->Legal Notice<!--]--><!----><!--]--></a></div><!--]--><!--[--><div class="base-meta-navigation__list__item"><!----><a href="/returns-policy" class="base-link base-meta-navigation__list__link" aria-label="" data-track-type="internal" draggable="false"><!--[--><!--[-->Returns Policy<!--]--><!----><!--]--></a></div><!--]--><!--[--><div class="base-meta-navigation__list__item"><!----><a href="https://security.aldi-sued.com/" class="base-link base-meta-navigation__list__link" aria-label="" data-track-type="external" target="_blank" rel="noopener" draggable="false"><!--[--><!--[-->Security Policy<!--]--><!----><!--]--><p class="sr-only">(opens in a new tab)</p><!----></a></div><!--]--><!--[--><div class="base-meta-navigation__list__item"><!----><a href="https://jr.chemwatch.net/outb/account/autologin?login=aldiaus" class="base-link base-meta-navigation__list__link" aria-label="" data-track-type="external" target="_blank" rel="noopener" draggable="false"><!--[--><!--[-->Safety Data Sheets<!--]--><!----><!--]--><p class="sr-only">(opens in a new tab)</p><!----></a></div><!--]--><!--[--><div class="base-meta-navigation__list__item"><!----><a href="/social-media-terms" class="base-link base-meta-navigation__list__link" aria-label="" data-track-type="internal" draggable="false"><!--[--><!--[-->Social Media Terms<!--]--><!----><!--]--></a></div><!--]--><!--[--><div class="base-meta-navigation__list__item"><!----><a href="/scam-notice" class="base-link base-meta-navigation__list__link" aria-label="" data-track-type="internal" draggable="false"><!--[--><!--[-->Scam Notice<!--]--><!----><!--]--></a></div><!--]--><!--[--><div class="base-meta-navigation__list__item"><!----><a href="/liquor-licenses" class="base-link base-meta-navigation__list__link" aria-label="" data-track-type="internal" draggable="false"><!--[--><!--[-->Liquor Licenses<!--]--><!----><!--]--></a></div><!--]--><!--[--><div class="base-meta-navigation__list__item"><!----><a href="/gift-cards-terms-of-use" class="base-link base-meta-navigation__list__link" aria-label="" data-track-type="internal" draggable="false"><!--[--><!--[-->Gift Cards Terms of Use<!--]--><!----><!--]--></a></div><!--]--><!--]--><!----></div></div><!--]--></div></section></div></footer><!----><!----><div data-test="aria-announcement" class="sr-only" aria-live="polite" role="status"></div></div></div><div id="teleports"><!--teleport start anchor--><div class="floating-buttons" style="position: fixed; bottom: var(--sticky-container-height); top: unset;"><button class="base-back-to-top" aria-label="Back to Top"><span class="base-icon color--white"><svg aria-hidden="true" xmlns="http://www.w3.org/2000/svg" width="24" height="24" fill="none" viewBox="0 0 24 24"><path fill="currentColor" d="M5.621 14.94a1.5 1.5 0 0 1-2.121 0l1.824-1.824a.78.78 0 0 1 .02-.022l6.126-6.125a.75.75 0 0 1 1.06 0l6.125 6.125a.716.716 0 0 1 .021.022l1.824 1.823a1.5 1.5 0 0 1-2.121 0L12 8.56l-6.379 6.38Z"></path></svg></span></button></div><!--teleport anchor--></div><script type="application/json" data-nuxt-data="nuxt-app" data-ssr="true" id="__NUXT_DATA__">[["ShallowReactive",1],{"data":2,"state":967,"once":970,"_errors":971,"serverRendered":966,"pinia":974},["ShallowReactive",3],{"i18nResult":4,"useRequestedUrlPath":966,"$IWTqfbgBdT":966,"$3lC1amD7Nf":966},{"_links":5,"data":8},{"self":6},{"href":7},"https://publish.prod.apac.cms.aldi.cx/content/aldi/apac/au/web/main/homepage.content.v1.api/i18n.json",{"aldi.accountFlyout.account":9,"aldi.accountFlyout.ariaLogin":10,"aldi.accountFlyout.createAldiAccount":11,"aldi.accountFlyout.label":12,"aldi.accountFlyout.login":13,"aldi.accountFlyout.logout":14,"aldi.accountFlyout.text":15,"aldi.accountFlyout.welcome":16,"aldi.addNewAddress.addNewAddress":17,"aldi.addNewAddress.billingAddressHeadline":18,"aldi.addNewAddress.confirm":19,"aldi.addNewAddress.saveAsDefaultAddress":20,"aldi.addNewAddress.setAsDefaultBilling":21,"aldi.addNewAddress.setAsDefaultShipping":22,"aldi.addNewAddress.shippingAddressHeadline":23,"aldi.addToCart.amendmentCta":24,"aldi.addToCart.cta":25,"aldi.addToCart.invalidMaxQuantity":26,"aldi.addToCartQuantity.ariaAnnouncementAddFirstItem":27,"aldi.addToCartQuantity.ariaAnnouncementAddItem":28,"aldi.addToCartQuantity.ariaAnnouncementAddItemThreshold":29,"aldi.addToCartQuantity.ariaAnnouncementAddItemToCart":30,"aldi.addToCartQuantity.ariaAnnouncementChangeAmount":31,"aldi.addToCartQuantity.ariaAnnouncementRemoveItem":32,"aldi.addToCartQuantity.ariaAnnouncementRemoveItemThreshold":33,"aldi.addToCartQuantity.ariaAnnouncementRemoveLastItem":34,"aldi.addToCartQuantity.ariaAnnouncementSnapException":35,"aldi.addToCartQuantity.decreaseAmount":36,"aldi.addToCartQuantity.increaseAmount":37,"aldi.addToCartQuantity.quantity":38,"aldi.addToCartQuantity.removeItem":39,"aldi.addressForm.errorMessage":40,"aldi.addressForm.poBoxalertMessageWeDoNotAllow":41,"aldi.addressForm.serviceInRegionNotAvailable":42,"aldi.addressManager.error":43,"aldi.ageCheck.close":44,"aldi.ageCheck.dateOfBirth":45,"aldi.ageCheck.invalid":46,"aldi.ageCheck.invalidDate":47,"aldi.ageCheck.invalidDayIsInMonth":48,"aldi.ageCheck.invalidDescription":49,"aldi.ageCheck.labelDay":50,"aldi.ageCheck.labelMonth":51,"aldi.ageCheck.labelYear":52,"aldi.ageCheck.missing":53,"aldi.ageCheck.modal.EditDOBButton":54,"aldi.ageCheck.modal.RemoveProductButton":55,"aldi.ageCheck.note":56,"aldi.ageCheck.placeholderDay":57,"aldi.ageCheck.placeholderMonth":58,"aldi.ageCheck.placeholderYear":59,"aldi.ageCheck.productRemovedErrorMessage":60,"aldi.ageCheck.productRemovedSuccessMessage":61,"aldi.ageCheck.removingProductDisclaimer":62,"aldi.alcoholByVolume.label":63,"aldi.amendment.addProducts":64,"aldi.amendment.changeDeliveryTimeslot":65,"aldi.amendment.changePickupTimeslot":66,"aldi.amendment.confirmationTitle":67,"aldi.amendment.deliveryTimeslotHeading":68,"aldi.amendment.editDeliveryTimelot":69,"aldi.amendment.editPickupTimelot":70,"aldi.amendment.keepOriginalTime":71,"aldi.amendment.pickupTimeslotHeading":72,"aldi.amendment.timeslotNotAvailable":73,"aldi.amendment.title":74,"aldi.amendmentControlCard.cancel":75,"aldi.amendmentControlCard.cancelAcknowledgeModalConfirm":76,"aldi.amendmentControlCard.cancelAcknowledgeModalContent":77,"aldi.amendmentControlCard.cancelAcknowledgeModalTitle":78,"aldi.amendmentControlCard.cancelModalCancel":79,"aldi.amendmentControlCard.cancelModalConfirm":80,"aldi.amendmentControlCard.cancelModalContent":81,"aldi.amendmentControlCard.cancelModalContentNoProducts":82,"aldi.amendmentControlCard.cancelModalTitle":83,"aldi.amendmentControlCard.infoNote":84,"aldi.amendmentControlCard.orderUpdated":85,"aldi.amendmentControlCard.proceedToAmendmentConfirmation":86,"aldi.amendmentControlCard.proceedToAmendmentSummary":87,"aldi.amendmentControlCard.updateOrder":88,"aldi.amendmentHeader.backToSummary":89,"aldi.amendmentHeader.continueToSummary":87,"aldi.amendmentLayout.browseCategories":90,"aldi.amendmentSummary.deliveryTitle":91,"aldi.amendmentSummary.paymentInfo":92,"aldi.amendmentSummary.paymentMethod":93,"aldi.amendmentSummary.pickupTitle":94,"aldi.applePay.paymentError":95,"aldi.applePay.retryPaymentError":96,"aldi.baseBreadcrumbs.ariaLabel":97,"aldi.baseLink.newTabText":98,"aldi.billingAddress.changeBillingAddressHeadline":99,"aldi.billingAddress.continueToPayment":100,"aldi.billingAddress.enterAddress":101,"aldi.brandPage.noResultDescription":102,"aldi.buyAgain.emptyButtonText":103,"aldi.buyAgain.emptyHeadline":104,"aldi.buyAgain.emptyText":105,"aldi.buyAgain.headline":106,"aldi.buyAgainHeader.ariaLabel":107,"aldi.buyAgainHeader.label":107,"aldi.buyAgainHeader.tooltipText":108,"aldi.californiaHint.warning":109,"aldi.cart.browseButton":90,"aldi.cart.changedWarning":110,"aldi.cart.editSubstitute":111,"aldi.cart.empty.description":112,"aldi.cart.emptyHeadline":112,"aldi.cart.emptyText":113,"aldi.cart.items":114,"aldi.cart.itemsInCart":115,"aldi.cart.minimumOrderValue.note":116,"aldi.cart.pendingCartUpdate":117,"aldi.cart.proceedToCheckout":118,"aldi.cart.substituteInfo":119,"aldi.cart.substituteReadMore":120,"aldi.cart.substituteText1":121,"aldi.cart.substituteText2":122,"aldi.cart.substituteTitle":123,"aldi.cart.substitutionFailed":124,"aldi.cart.yourCart":125,"aldi.cart.yourCartItems":126,"aldi.cartClient.checkYourCart":127,"aldi.cartClient.isChangedByInvalidation":128,"aldi.cartItemNote.addNote":129,"aldi.cartItemNote.addNoteAriaLabel":130,"aldi.cartItemNote.added":131,"aldi.cartItemNote.deleted":132,"aldi.cartItemNote.editNote":133,"aldi.cartItemNote.editNoteAriaLabel":134,"aldi.cartItemNote.error":135,"aldi.cartItemNote.noteLabel":136,"aldi.cartItemNote.placeholder":137,"aldi.cartItemNote.substitutionText":138,"aldi.cartItemNote.updated":139,"aldi.cartNote.added":140,"aldi.cartNote.deleted":141,"aldi.cartNote.description":142,"aldi.cartNote.error":143,"aldi.cartNote.headline":144,"aldi.cartNote.hint":145,"aldi.cartNote.placeholder":146,"aldi.cartNote.updated":147,"aldi.cartProduct.changeSubstitution":148,"aldi.cartProduct.changeSubstitutionAriaLabel":149,"aldi.cartProductList.deleteButton":150,"aldi.cartProductList.disabledSubstitute":151,"aldi.cartProductList.productRemoved":152,"aldi.cartProductList.restoreButton":153,"aldi.cartProductList.substituteLabel":154,"aldi.cartPromotionModal.headline":155,"aldi.cartSubstituteSelection.title":156,"aldi.cartSummaryItemList.hideDetails":157,"aldi.cartSummaryItemList.showDetails":158,"aldi.category.notFound":159,"aldi.changeMerchantAlert.buttonLabel":160,"aldi.changeMerchantAlert.description":161,"aldi.changeMerchantAlert.guest.description":162,"aldi.changeMerchantAlert.guest.title":163,"aldi.changeMerchantAlert.title":164,"aldi.checkout.addressModal.useAddress":165,"aldi.checkout.defaultMerchantAlertBody":166,"aldi.checkout.defaultMerchantAlertChangeButton":167,"aldi.checkout.defaultMerchantAlertConfirmButton":168,"aldi.checkout.defaultMerchantAlertTitle":169,"aldi.checkout.deliveryAddressError":170,"aldi.checkout.errorItemNotFound":171,"aldi.checkout.payment.creditcard.addNewLink":172,"aldi.checkout.payment.creditcard.deleteCardModalHeadline":83,"aldi.checkout.payment.creditcard.deleteCardModalText":173,"aldi.checkout.payment.creditcard.removeCard":174,"aldi.checkout.payment.creditcard.selectFromSavedCards":175,"aldi.checkout.payment.creditcard.title":176,"aldi.checkout.payment.creditcard.useThisCard":177,"aldi.checkout.skipToContentAriaLabel":178,"aldi.checkout.timeslotInvalid":179,"aldi.checkout.timeslotMaxLimitReached":180,"aldi.checkout.timeslotMismatchWithMerchantOrService":181,"aldi.checkout.timeslotNoLongerAvailable":182,"aldi.checkout.timeslotNotAvailableAlcoholRestriction":183,"aldi.checkout.timeslotsNotAvailable":184,"aldi.checkout.title":185,"aldi.checkout.totalsNotAvailable":186,"aldi.checkoutAccordion.ageCheckTitle":187,"aldi.checkoutAccordion.billingAddressTitle":188,"aldi.checkoutAccordion.dayFormat":189,"aldi.checkoutAccordion.deliveryAddressEditButtonAriaLabel":190,"aldi.checkoutAccordion.deliveryAddressTitle":191,"aldi.checkoutAccordion.editAgeCheck":192,"aldi.checkoutAccordion.editBillingAddress":193,"aldi.checkoutAccordion.editCartNotes":194,"aldi.checkoutAccordion.editDeliveryAddress":195,"aldi.checkoutAccordion.editMobileNumber":196,"aldi.checkoutAccordion.editPaymentMethods":197,"aldi.checkoutAccordion.editPickupLocation":198,"aldi.checkoutAccordion.error":199,"aldi.checkoutAccordion.errorReturnToCartSubTitle":200,"aldi.checkoutAccordion.errorReturnToCartTitle":201,"aldi.checkoutAccordion.hourFormat":202,"aldi.checkoutAccordion.maxPinAttemptModalHeadline":203,"aldi.checkoutAccordion.maxPinAttemptModalSubject":204,"aldi.checkoutAccordion.mobileNumberTitle":205,"aldi.checkoutAccordion.noUniqueAddressInfo":206,"aldi.checkoutAccordion.orderError":207,"aldi.checkoutAccordion.paymentError":208,"aldi.checkoutAccordion.paymentTitle":93,"aldi.checkoutAccordion.paymentTitle.2":209,"aldi.checkoutAccordion.paymentTitleForDelivery":209,"aldi.checkoutAccordion.pickupAddressEditButtonAriaLabel":210,"aldi.checkoutAccordion.pickupTitle":211,"aldi.checkoutAccordion.pleaseAddBillingAddress":212,"aldi.checkoutAccordion.pleaseAddData":213,"aldi.checkoutAccordion.pleaseAddDeliveryTime":214,"aldi.checkoutAccordion.pleaseAddMobileNumber":215,"aldi.checkoutAccordion.pleaseAddPickupTime":216,"aldi.checkoutAccordion.pleaseSelectTimeslot":217,"aldi.checkoutAccordion.saveAddressError":218,"aldi.checkoutAccordion.shortMonthFormat":219,"aldi.checkoutAccordion.timeslotReservationExpired":220,"aldi.checkoutAccordion.userSaveAddressConsent":221,"aldi.checkoutAccordionHeadline.billingAddress":222,"aldi.checkoutAccordionHeadline.sameAsDelivery":223,"aldi.checkoutAddNewCard.addNewCard":172,"aldi.checkoutAddNewCard.addNewCardErrorText":224,"aldi.checkoutAddNewCard.iframeErrorText":225,"aldi.checkoutAddNewCard.modalEndAriaLabel":226,"aldi.checkoutAddressSelection.billingAddressGroupAriaLabel":227,"aldi.checkoutAddressSelection.shippingAddressGroupAriaLabel":228,"aldi.checkoutCreditCard.banner.headline":229,"aldi.checkoutCreditCard.banner.text":230,"aldi.checkoutData.threshold":231,"aldi.checkoutData.thresholdDelta":232,"aldi.checkoutForm.saveContinue":233,"aldi.checkoutMiniCart.thankYou":234,"aldi.checkoutMinimumOrderValueAlert.buttonLabel":235,"aldi.checkoutMinimumOrderValueAlert.description":236,"aldi.checkoutMinimumOrderValueAlert.title":237,"aldi.checkoutServiceTypeSelector.changeLocation":238,"aldi.checkoutServiceTypeSelector.changeServiceTo":239,"aldi.checkoutServiceTypeSelector.currentLocation":240,"aldi.checkoutServiceTypeSelector.infoText":241,"aldi.checkoutServiceTypeSelector.keep":242,"aldi.checkoutStoreSelectionUnselected.noResult":243,"aldi.checkoutStoreSelectionUnselected.subtitle":244,"aldi.checkoutStoreSelectionUnselected.switchButton":245,"aldi.checkoutStoreSelectionUnselected.switchDescription":246,"aldi.checkoutStoreSelectionUnselected.text":247,"aldi.checkoutStoreSelectionUnselected.title":248,"aldi.checkoutSummary.invalidCartAttributes":249,"aldi.checkoutSummary.invalidUndefinedAttributes":250,"aldi.checkoutSummary.legalText":251,"aldi.checkoutSummaryMinicart.paynow":252,"aldi.checkoutSummaryMinicart.priceZero":253,"aldi.checkoutTimeslot.modalHeadline":254,"aldi.checkoutTimeslot.modalSubline":255,"aldi.checkoutTimeslot.reserveBtnAriaLabel":256,"aldi.checkoutTimeslot.timeslotAmendmentNotPossible":257,"aldi.checkoutTimeslotModal.buttonCancelCheckout":258,"aldi.checkoutTimeslotModal.curbsideButtonChangeStore":259,"aldi.checkoutTimeslotModal.curbsideButtonServiceName":260,"aldi.checkoutTimeslotModal.curbsideDescription":261,"aldi.checkoutTimeslotModal.dateFormat":262,"aldi.checkoutTimeslotModal.deliveryButtonChangeDeliveryAddress":263,"aldi.checkoutTimeslotModal.deliveryButtonServiceName":264,"aldi.checkoutTimeslotModal.deliveryDescription":265,"aldi.checkoutTimeslotModal.headline":266,"aldi.checkoutTimeslotModal.headlineSublevel":267,"aldi.checkoutTimeslotModal.headlineSublevelOnlyOneServiceAvailable":268,"aldi.checkoutUnconfirmedStepAlert.billingAddress":269,"aldi.checkoutUnconfirmedStepAlert.dateOfBirth":270,"aldi.checkoutUnconfirmedStepAlert.deliveryAddress":271,"aldi.checkoutUnconfirmedStepAlert.paymentMethod":272,"aldi.checkoutUnconfirmedStepAlert.phoneNumber":273,"aldi.checkoutUnconfirmedStepAlert.timeslot":274,"aldi.customerPaymentDetails.expirationDate":275,"aldi.dateTimeSelector.ariaExpandForMore":276,"aldi.dateTimeSelector.available":277,"aldi.dateTimeSelector.currentSelectedDayAriaLabelPrefix":278,"aldi.dateTimeSelector.currentSelectedTimeAriaLabelPrefix":279,"aldi.dateTimeSelector.deliveryTitle":280,"aldi.dateTimeSelector.emptyTimeSlotsMessage":281,"aldi.dateTimeSelector.fullyBooked":282,"aldi.dateTimeSelector.learnMore":283,"aldi.dateTimeSelector.noteText":284,"aldi.dateTimeSelector.noteText2":285,"aldi.dateTimeSelector.numberOfNonAvailableProducts":286,"aldi.dateTimeSelector.pickUpTitle":287,"aldi.dateTimeSelector.restricted":288,"aldi.dateTimeSelector.scheduledAvailableTimeSlots":289,"aldi.dateTimeSelector.timeslotReservation":290,"aldi.dateTimeSelector.unavailableProductsModal.accept":291,"aldi.dateTimeSelector.unavailableProductsModal.message":292,"aldi.dateTimeSelector.unavailableProductsModal.selectAnotherTimeslot":293,"aldi.dateTimeSelector.unavailableProductsModal.title":294,"aldi.dateTimeSelector.usedTimeSlotScreenReaderHeadline":295,"aldi.dateTimeSelector.usedTimeSlotScreenReaderServiceFeePrice":296,"aldi.deeplinking.merchantNotFoundBasesdOnCoordinates":297,"aldi.editorialNotificationBanner.cta":298,"aldi.editorialNotificationBanner.variant.attention":299,"aldi.editorialNotificationBanner.variant.information":300,"aldi.emptyCartCard.buttonText":103,"aldi.emptyCartCard.buyAgain":106,"aldi.emptyCartCard.possibilities":301,"aldi.feesPlaceholder.body":302,"aldi.feesPlaceholder.hint":303,"aldi.feesPlaceholder.pending":304,"aldi.filterContainer.a11y.clearAllFilter":305,"aldi.filterContainer.a11y.filterTag":306,"aldi.filterContainer.clearAll":307,"aldi.filterContainer.clearFiltersCta":308,"aldi.filterContainer.filterCta":309,"aldi.filterContainer.filterCtaSingular":310,"aldi.filterContainer.title":311,"aldi.filterDialog.a11y.baseChipProduct":312,"aldi.filterDialog.a11y.baseChipProducts":313,"aldi.filterDialog.brandListSearch.clear":314,"aldi.filterDialog.brandListSearch.inputLabel":315,"aldi.filterDialog.brandListSearch.noResult":316,"aldi.filterDialog.brandListSearch.result":317,"aldi.filterDialog.facet_brand":318,"aldi.filterDialog.facet_category":319,"aldi.filterDialog.facet_country_of_origin":320,"aldi.filterDialog.facet_delivery_availability":321,"aldi.filterDialog.facet_in_store_availability":322,"aldi.filterDialog.facet_pickup_availability":323,"aldi.filterDialog.facet_us_snap_eligible":324,"aldi.filterDialog.sort_price_asc":325,"aldi.filterDialog.sort_price_desc":326,"aldi.filterDialog.sort_relevance":327,"aldi.filterDialog.sort_title_asc":328,"aldi.filterDialog.sort_title_desc":329,"aldi.flyOut.invalidMaxQuantity":330,"aldi.form.addressSuffix":331,"aldi.form.automaticAddress":332,"aldi.form.city":333,"aldi.form.clearInput":334,"aldi.form.county":335,"aldi.form.enterStreetAddress":336,"aldi.form.firstName":337,"aldi.form.invalidCity":338,"aldi.form.invalidEmail":339,"aldi.form.invalidFirstName":340,"aldi.form.invalidLastName":341,"aldi.form.invalidLengthErrorMessage":342,"aldi.form.invalidLoqate":343,"aldi.form.invalidState":344,"aldi.form.invalidStreet":345,"aldi.form.invalidSuffix":346,"aldi.form.invalidZip":347,"aldi.form.lastName":348,"aldi.form.optional":349,"aldi.form.separateAddress":350,"aldi.form.state":351,"aldi.form.streetAddress":352,"aldi.form.streetAddress2":353,"aldi.form.zip":354,"aldi.geolocation.button":355,"aldi.global.addressType.delivery":356,"aldi.global.addressType.pickup":357,"aldi.global.all":358,"aldi.global.apply":359,"aldi.global.approximately":360,"aldi.global.back":79,"aldi.global.backToCart":361,"aldi.global.backToOverview":362,"aldi.global.backToShopping":363,"aldi.global.backToTop":364,"aldi.global.brand":365,"aldi.global.brands":366,"aldi.global.cancel":367,"aldi.global.changeAddress":368,"aldi.global.changeStore":164,"aldi.global.choose":369,"aldi.global.chooseCategory":370,"aldi.global.chooseYourDay":371,"aldi.global.close":372,"aldi.global.confirm":373,"aldi.global.curbside":374,"aldi.global.default":375,"aldi.global.defaultErrorMessage":376,"aldi.global.delivery":377,"aldi.global.deposit":378,"aldi.global.detectLocation":379,"aldi.global.each":380,"aldi.global.edit":381,"aldi.global.error":382,"aldi.global.errorCancelledOrder":383,"aldi.global.errorCart":384,"aldi.global.errorCartChanged":385,"aldi.global.errorCartItem":386,"aldi.global.errorCartOutdated":387,"aldi.global.errorCheckData":388,"aldi.global.errorGeneric":388,"aldi.global.errorInactivity":389,"aldi.global.errorIncompatibleService":390,"aldi.global.errorLoqateAddressNotFound":391,"aldi.global.errorNetworkError":392,"aldi.global.errorOrder":393,"aldi.global.errorPayment":394,"aldi.global.errorPayment3dSecure":395,"aldi.global.errorPayment3dSecure2":396,"aldi.global.errorPaymentCancelled":397,"aldi.global.errorPaymentDeclined":398,"aldi.global.errorPaymentInformation":399,"aldi.global.errorPaymentProcess":400,"aldi.global.errorPaymentSystem":401,"aldi.global.errorSecurity":402,"aldi.global.errorTimeslotReservationFailed":403,"aldi.global.errorTitle":404,"aldi.global.expired":405,"aldi.global.gotIt":76,"aldi.global.help":406,"aldi.global.home":407,"aldi.global.homeLink":408,"aldi.global.homepage":409,"aldi.global.infoCartChanged":410,"aldi.global.learnMore":283,"aldi.global.loading":411,"aldi.global.merchantPrefix":365,"aldi.global.navigation":412,"aldi.global.navigation.openCategory":413,"aldi.global.next":414,"aldi.global.noResults":415,"aldi.global.or":416,"aldi.global.orderItems":417,"aldi.global.otherAddress":418,"aldi.global.outOf":419,"aldi.global.paymentMethods":420,"aldi.global.pcs":421,"aldi.global.pickup":374,"aldi.global.pleaseNote":422,"aldi.global.pleaseNote2":423,"aldi.global.plus":424,"aldi.global.plusDeposit":425,"aldi.global.previous":426,"aldi.global.proceed":427,"aldi.global.qty":428,"aldi.global.remove":429,"aldi.global.required":430,"aldi.global.reserveAndContinue":431,"aldi.global.resetAll":432,"aldi.global.results":433,"aldi.global.save":434,"aldi.global.select":435,"aldi.global.select.ariaLabel.close":436,"aldi.global.select.ariaLabel.open":437,"aldi.global.select.options":438,"aldi.global.service":439,"aldi.global.showAll":440,"aldi.global.showAllIn":441,"aldi.global.showLess":442,"aldi.global.showMore":443,"aldi.global.showMoreStores":444,"aldi.global.skipToContent":445,"aldi.global.socialMediaLinks":446,"aldi.global.specialBuys":447,"aldi.global.srFooterNavigationTitle":448,"aldi.global.srMerchantTitle":449,"aldi.global.srMetaNavigationTitle":450,"aldi.global.successfullyLogin":451,"aldi.global.today":452,"aldi.global.tomorrow":453,"aldi.global.viewResult":454,"aldi.global.walkIn":455,"aldi.grandTotalSection.creditCardAllocation":456,"aldi.headerSearchField.clearQuery":457,"aldi.headerSearchField.placeholder":458,"aldi.imageLightbox.thumbnailImages":459,"aldi.imageLightbox.title":460,"aldi.informationBanner.close":461,"aldi.injectionPaymentRedirectModal.ariaDescription":462,"aldi.injectionPaymentRedirectModal.description":463,"aldi.injectionPaymentRedirectModal.headline":464,"aldi.injectionPaymentRedirectModal.redirectNow":465,"aldi.injectionPricePlaceholder.text":466,"aldi.injectionProductDetailsOnSaleDateLabel.headline":467,"aldi.injectionProductDetailsOnSaleDateLabel.text":468,"aldi.legalDisclaimer.title":469,"aldi.lmiv.supplier-information.additives":470,"aldi.lmiv.supplier-information.alcoholPercentage":471,"aldi.lmiv.supplier-information.allergensContained":472,"aldi.lmiv.supplier-information.allergensTraces":473,"aldi.lmiv.supplier-information.consumerPreparationInstructions":474,"aldi.lmiv.supplier-information.consumerServingSuggestion":475,"aldi.lmiv.supplier-information.consumerStorageInstructions":476,"aldi.lmiv.supplier-information.consumerUsageInstructions":477,"aldi.lmiv.supplier-information.hint.multiple-suppliers":478,"aldi.lmiv.supplier-information.nutritionsText":479,"aldi.lmiv.supplier-information.petfood":480,"aldi.lmiv.supplier-information.supplier":481,"aldi.lmiv.supplier-information.title.contact":482,"aldi.lmiv.supplier-information.title.hints":483,"aldi.lmiv.supplier-information.title.ingredients-allergens":484,"aldi.lmiv.supplier-information.title.nutritions":485,"aldi.lmiv.supplier-information.title.origin":320,"aldi.lmiv.supplier-information.title.product-description":486,"aldi.maxOrderValueAlert.buttonLabel":487,"aldi.maxOrderValueAlert.description":488,"aldi.maxOrderValueAlert.title":489,"aldi.mayLoseCartItems.acceptNewMerchant":490,"aldi.mayLoseCartItems.description.alert":422,"aldi.mayLoseCartItems.description.alertBody":491,"aldi.mayLoseCartItems.description.headline":492,"aldi.mayLoseCartItems.headLine":493,"aldi.mayLoseCartItems.keepOldMerchant":494,"aldi.mayLoseCartItems.title":495,"aldi.merchantAlertWrapper.deliverySelected":496,"aldi.merchantAlertWrapper.pickupSelected":497,"aldi.merchantAlertWrapper.walkInSelected":498,"aldi.merchantConfirmAlert.body":499,"aldi.merchantConfirmAlert.buttonChange":148,"aldi.merchantConfirmAlert.buttonKeepSelection":500,"aldi.merchantConfirmAlert.headline":501,"aldi.merchantConfirmAlert.text":502,"aldi.merchantConfirmAlert.title":503,"aldi.merchantConfirmDefaultAlert.body":499,"aldi.merchantConfirmDefaultAlert.buttonChange":148,"aldi.merchantConfirmDefaultAlert.buttonKeepSelection":500,"aldi.merchantConfirmDefaultAlert.headline":501,"aldi.merchantConfirmDefaultAlert.text":504,"aldi.merchantConfirmDefaultAlert.title":503,"aldi.merchantConflictAlert.body":505,"aldi.merchantConflictAlert.headline":506,"aldi.merchantConflictAlert.keep":242,"aldi.merchantConflictAlert.note1":507,"aldi.merchantConflictAlert.note2":508,"aldi.merchantConflictAlert.restore":509,"aldi.merchantConflictAlert.selectionText":510,"aldi.merchantConflictAlert.text":511,"aldi.merchantConflictAlert.title":512,"aldi.merchantSearchBox.address":513,"aldi.merchantSearchBox.addressInputLabel":514,"aldi.merchantSearchBox.addressPlaceholder":515,"aldi.merchantSearchBox.addressSearchError":516,"aldi.merchantSearchBox.ariaAddressOptionLabel":517,"aldi.merchantSearchBox.ariaDescribedBy":518,"aldi.merchantSearchBox.ariaOptionsSelection":519,"aldi.merchantSearchBox.ariaOptionsSelectionSingular":520,"aldi.merchantSearchBox.availableAddressesCount":521,"aldi.merchantSearchBox.invalidLocalization":522,"aldi.merchantSearchBox.invalidLocalizationByUser":523,"aldi.merchantSearchBox.invalidZip":524,"aldi.merchantSearchBox.poBoxalertMessageUnableToDeliver":391,"aldi.merchantSearchBox.zipCodeHint":525,"aldi.merchantSearchBox.zipInputLabel":514,"aldi.merchantSearchBox.zipPlaceholder":354,"aldi.miniCart.ariaItemsInCart":526,"aldi.miniCart.viewCartFullPage":527,"aldi.miniCartBadge.label":528,"aldi.minimumOrderReached.text":529,"aldi.mobileLink.infoMessage":530,"aldi.mobileNumber.infoMessage":531,"aldi.mobileNumber.invalid":532,"aldi.mobileNumber.placeholder":533,"aldi.mobileNumber.savePhoneNumber":534,"aldi.mobileNumber.title":535,"aldi.mobileNumber.tooLong":536,"aldi.mobileNumber.tooShort":537,"aldi.newsletter.error.invalidEmail":538,"aldi.newsletter.error.submit":539,"aldi.newsletter.label":540,"aldi.newsletter.placeholder":541,"aldi.newsletter.subscribe":542,"aldi.newsletter.subscribeSuccess":543,"aldi.noPaymentMethods.text":544,"aldi.noResultMessageFiltered":545,"aldi.notLoggedIn.createAccountButton":546,"aldi.notLoggedIn.headline":547,"aldi.notLoggedIn.text":548,"aldi.orderCancellationCard.headline":549,"aldi.orderCancellationCard.primaryButton":550,"aldi.orderCancellationCard.secondaryButton":551,"aldi.orderCancellationCard.text":552,"aldi.orderConfirmationId.confirmation":553,"aldi.orderConfirmationId.id":554,"aldi.orderConfirmationId.noEmailReceivedQuestion":555,"aldi.orderConfirmationId.pleaseContactUs":556,"aldi.orderConfirmationSummary.delivery":557,"aldi.orderConfirmationSummary.endDateFormat":558,"aldi.orderConfirmationSummary.endDateFormatWithMinutes":559,"aldi.orderConfirmationSummary.headline":560,"aldi.orderConfirmationSummary.inDelivery":561,"aldi.orderConfirmationSummary.inProgress":562,"aldi.orderConfirmationSummary.noOrderError":563,"aldi.orderConfirmationSummary.note":564,"aldi.orderConfirmationSummary.orderReceived":565,"aldi.orderConfirmationSummary.pickup":566,"aldi.orderConfirmationSummary.readyForPickUp":567,"aldi.orderConfirmationSummary.startDateFormat":568,"aldi.orderConfirmationSummary.startDateFormatWithMinutes":569,"aldi.orderConfirmationTotals.headline":570,"aldi.orderConfirmationTotals.headline.2":571,"aldi.orderDetailSection.deliveryLocation":572,"aldi.orderDetailSection.pickupLocation":573,"aldi.orderFreeDeliveryThreshold.progressAriaLabel":574,"aldi.orderFreePickupThreshold.progressAriaLabel":575,"aldi.orderHistory.acceptAmendment":576,"aldi.orderHistory.acceptCancellation":577,"aldi.orderHistory.addAllToCart":578,"aldi.orderHistory.amendmentDescriptionList":579,"aldi.orderHistory.amendmentModalBanner":580,"aldi.orderHistory.amendmentTitle":581,"aldi.orderHistory.applePay":582,"aldi.orderHistory.browse":90,"aldi.orderHistory.buyAgain":106,"aldi.orderHistory.canceledOrders":583,"aldi.orderHistory.cancellationCta":584,"aldi.orderHistory.cancellationDescription":585,"aldi.orderHistory.cancellationError":586,"aldi.orderHistory.cancellationInProgress":587,"aldi.orderHistory.cancellationSuccess":588,"aldi.orderHistory.cancellationTitle":589,"aldi.orderHistory.dateFilter.allOrders":590,"aldi.orderHistory.dateFilter.currentMonth":591,"aldi.orderHistory.dateFilter.currentYear":592,"aldi.orderHistory.dateFilter.last12Month":593,"aldi.orderHistory.dateFilter.last2Week":594,"aldi.orderHistory.dateFilter.last3Month":595,"aldi.orderHistory.dateFilter.last6Month":596,"aldi.orderHistory.dateFilter.last9Month":597,"aldi.orderHistory.dateFilter.lastMonth":598,"aldi.orderHistory.dateFilter.lastYear":599,"aldi.orderHistory.dateFilter.titleLabel":600,"aldi.orderHistory.declineAmendment":601,"aldi.orderHistory.declineCancellation":602,"aldi.orderHistory.deliveredOrCollectedOrders":603,"aldi.orderHistory.editingCta":604,"aldi.orderHistory.errorAddAllToCart":605,"aldi.orderHistory.errorAlreadyAmending":606,"aldi.orderHistory.errorMessage":607,"aldi.orderHistory.errorNotAmendable":608,"aldi.orderHistory.errorUnavailable":609,"aldi.orderHistory.expired":275,"aldi.orderHistory.headline":610,"aldi.orderHistory.loadMore":611,"aldi.orderHistory.myOrders":612,"aldi.orderHistory.noOrders":613,"aldi.orderHistory.noOrdersInDateRange":614,"aldi.orderHistory.noOrdersInThisDateRange1":615,"aldi.orderHistory.noOrdersInThisDateRange2":616,"aldi.orderHistory.openOrders":617,"aldi.orderHistory.productNotAvailable":618,"aldi.orderHistory.startShopping":619,"aldi.orderHistory.successAddAllToCart":620,"aldi.orderHistory.title":621,"aldi.orderHistory.tryAgainLater":622,"aldi.orderHistoryEmpty.text1":623,"aldi.orderHistoryEmpty.text2":624,"aldi.orderHistoryNote.text":625,"aldi.orderHistoryProduct.originalItem":626,"aldi.orderHistoryProductList.cancelledProducts":627,"aldi.orderHistoryProductList.replacements":628,"aldi.orderItem.amendmentBanner":629,"aldi.orderItem.amendmentChip":630,"aldi.orderItem.amendmentInProgress":631,"aldi.orderItem.amendmentSuccessChip":632,"aldi.orderItem.buyAgain":106,"aldi.orderItem.cancelOrder":584,"aldi.orderItem.canceled":633,"aldi.orderItem.canceledAt":634,"aldi.orderItem.canceledTimeFormat":635,"aldi.orderItem.delivered":636,"aldi.orderItem.deliveredOn":637,"aldi.orderItem.deliveryAt":638,"aldi.orderItem.deliveryDayFormat":639,"aldi.orderItem.editOrder":74,"aldi.orderItem.inProgress":640,"aldi.orderItem.orderId":641,"aldi.orderItem.orderedAt":642,"aldi.orderItem.orderedTimeFormat":635,"aldi.orderItem.outForDelivery":643,"aldi.orderItem.pendingCancellation":644,"aldi.orderItem.pickUpAt":645,"aldi.orderItem.pickUpEndTimeFormat":558,"aldi.orderItem.pickUpEndTimeWithMinutesFormat":559,"aldi.orderItem.pickUpStartTimeFormat":646,"aldi.orderItem.pickUpStartTimeWithMinutesFormat":647,"aldi.orderItem.pickedUp":648,"aldi.orderItem.pickedUpOn":649,"aldi.orderItem.pickingCompleted":650,"aldi.orderItem.placed":651,"aldi.orderItem.refunded":652,"aldi.orderItem.returned":653,"aldi.orderSuccessful":565,"aldi.orderSuccessful.button":654,"aldi.orderSuccessful.headline":655,"aldi.orderSuccessful.received":565,"aldi.orderSuccessful.text":656,"aldi.orderThreshold.amendmentSoftText1":657,"aldi.orderThreshold.basicSoftThresholdMessage":658,"aldi.orderThreshold.freeDeliveryDiscountMessage":659,"aldi.orderThreshold.freeDeliverySuccessMessage":660,"aldi.orderThreshold.freePickupDiscountMessage":661,"aldi.orderThreshold.freePickupSuccessMessage":662,"aldi.orderThreshold.progressAriaLabel":663,"aldi.orderThreshold.smallMOVSuccessMessage":664,"aldi.orderThreshold.smallOrderFeeSuccessMessage":665,"aldi.orderThreshold.softText1":666,"aldi.orderThreshold.softText2":667,"aldi.orderThreshold.title":668,"aldi.ordersHeader.ariaLabel":669,"aldi.ordersHeader.label":107,"aldi.ordersHeader.newAlert":670,"aldi.ordersHeader.tooltipText":671,"aldi.pageTitle.amendment":672,"aldi.pageTitle.checkout":673,"aldi.pageTitle.prefix":674,"aldi.pageTitle.suffix":675,"aldi.pagination.a11y.pageNumber":676,"aldi.paymentMethodTile.cardNumber":677,"aldi.paymentMethodTile.deleteButton":678,"aldi.paymentMethodTile.differentCart":679,"aldi.paymentMethodTile.differentCart.2":680,"aldi.paymentMethodTile.expiryDate":681,"aldi.paymentMethodTile.expiryDate.2":682,"aldi.paymentMethodTile.setDefault":683,"aldi.paymentMethods.alertCurrentSelectedCreditCardExpired":684,"aldi.paymentMethods.applePay":582,"aldi.paymentMethods.button":87,"aldi.paymentMethods.checkbox":685,"aldi.paymentMethods.checkboxSavePaymentMethod":686,"aldi.paymentMethods.checkboxSavePaymentMethod.2":687,"aldi.paymentMethods.creditCard":688,"aldi.paymentMethods.creditCardInfo":689,"aldi.paymentMethods.creditCardNumber":690,"aldi.paymentMethods.cvcCode":691,"aldi.paymentMethods.error":692,"aldi.paymentMethods.headline":693,"aldi.paymentMethods.infoExpiredCreditCard":694,"aldi.paymentMethods.invalidCreditCard":695,"aldi.paymentMethods.labelAddAlternativeCreditCard":696,"aldi.paymentMethods.modalBody":697,"aldi.paymentMethods.modalTitle":698,"aldi.paymentMethods.paragraphAddAlternativeCreditCard":699,"aldi.paymentMethods.payone.error.invalidCardpan":700,"aldi.paymentMethods.payone.error.invalidCardtype":701,"aldi.paymentMethods.payone.error.invalidCvc":702,"aldi.paymentMethods.payone.error.invalidExpireDate":703,"aldi.paymentMethods.payone.error.invalidExpireMonth":704,"aldi.paymentMethods.payone.error.invalidExpireYear":705,"aldi.paymentMethods.payone.error.invalidIssueNumber":706,"aldi.paymentMethods.payone.error.invalidPanForCardtype":707,"aldi.paymentMethods.payone.error.transactionRejected":708,"aldi.paymentMethods.payoneIframe.firstname":709,"aldi.paymentMethods.payoneIframe.lastname":710,"aldi.paymentMethods.total":711,"aldi.paymentMethods.useDifferentCreditCard":712,"aldi.paymentMethods.validUntil":713,"aldi.paymentMethodsModal.headline":714,"aldi.paymentMethodsModal.headline.2":715,"aldi.paymentPage.information":716,"aldi.paymentPage.modalBody":717,"aldi.paymentPage.modalDeleteButton":718,"aldi.paymentPage.modalHeadline":719,"aldi.paymentPage.noPaymentMethods":720,"aldi.paymentPage.noPaymentMethodsInfo":721,"aldi.paymentPage.otherPayments":722,"aldi.paymentPage.successMessage":723,"aldi.phoneNumber.editBtnAriaLabel":724,"aldi.poBoxAddressModal.buttonChangeAddress":263,"aldi.poBoxAddressModal.buttonSwitchToCurbside":725,"aldi.poBoxAddressModal.description":391,"aldi.poBoxAddressModal.headline":726,"aldi.preview.new.key":727,"aldi.price.deposit":728,"aldi.price.discounted":729,"aldi.price.includeVat":420,"aldi.price.original":730,"aldi.product.additionalCostsLabel":731,"aldi.product.asset.AC":732,"aldi.product.asset.BA":733,"aldi.product.asset.DE":734,"aldi.product.asset.FR":735,"aldi.product.asset.GR":736,"aldi.product.asset.IN":737,"aldi.product.asset.LE":738,"aldi.product.asset.LI":739,"aldi.product.asset.NU":740,"aldi.product.asset.RI":741,"aldi.product.disclaimer":469,"aldi.product.energyLabel.alt":742,"aldi.product.energyLabel.download":743,"aldi.product.includeVatLabel":744,"aldi.product.includeVatLabelCompact":745,"aldi.product.invalidCannotLoadProduct":746,"aldi.product.invalidCannotLoadProduct.headline":747,"aldi.product.invalidFindProduct":748,"aldi.product.invalidUnavailableProduct":749,"aldi.product.options":750,"aldi.product.price.approximately":360,"aldi.product.randomWeight.alt":751,"aldi.product.stock.available":277,"aldi.product.stock.limited":752,"aldi.product.stock.soldOut":753,"aldi.product.title":754,"aldi.product.unavailableVariantOption":755,"aldi.productDetail.allergens":756,"aldi.productDetail.origin":320,"aldi.productDetail.weightedItem":757,"aldi.productDetails.brandLink":758,"aldi.productDetails.customWeightPricingInfo":759,"aldi.productDetails.notAvailableInStore":760,"aldi.productDetails.title":761,"aldi.productFilterBar.category":319,"aldi.productFilterBar.onlyShow":762,"aldi.productFilterBar.sort":763,"aldi.productFilterBar.sortAndFilter":764,"aldi.productFilterBar.sortArea":765,"aldi.productFilterBar.sortNow":766,"aldi.productFilterBar.subBarTitle":767,"aldi.productFilterBar.title":311,"aldi.productImageCarousel.defaultAltText":768,"aldi.productImageCarousel.enlargeImage":769,"aldi.productImageCarousel.productImage":770,"aldi.productImageCarousel.thumbnail":771,"aldi.productListingViewer.headline":772,"aldi.productListingViewer.headlineSublevel":773,"aldi.productListingViewer.noMerchantSelectedMessage":774,"aldi.productRecommendations.loadingAriaLabel":775,"aldi.productsPage.noResultDescription":776,"aldi.productsToRemove.changeStoreOrAddress":777,"aldi.productsToRemove.headLine":493,"aldi.productsToRemove.removeFromCart":778,"aldi.productsToRemove.title":779,"aldi.promotions.notFound":780,"aldi.reducedMiniCart.goToCart":781,"aldi.reducedMiniCart.noItemsInCart":782,"aldi.requestErrorContent.defaultHeadline":783,"aldi.requestErrorContent.defaultMessage":784,"aldi.requestErrorContent.forbiddenHeadline":785,"aldi.requestErrorContent.forbiddenMessage":786,"aldi.requestErrorContent.genericTitle":787,"aldi.requestErrorContent.goToCheckout":788,"aldi.requestErrorContent.notFoundHeadline":789,"aldi.requestErrorContent.notFoundMessage":790,"aldi.requestErrorContent.returnToHomepage":551,"aldi.requestErrorContent.serverHeadline":791,"aldi.requestErrorContent.serverMessage":792,"aldi.searchFlyout.categories":793,"aldi.searchFlyout.categorySuggestions":794,"aldi.searchFlyout.errorMessage":795,"aldi.searchFlyout.found":796,"aldi.searchFlyout.noProductsFound":797,"aldi.searchFlyout.noSuggestionsFound":798,"aldi.searchFlyout.productSuggestions":799,"aldi.searchFlyout.products":754,"aldi.searchFlyout.searchResults":800,"aldi.searchFlyout.searchSuggestions":801,"aldi.searchFlyoutAddToCart.productAlreadyInCart.description":802,"aldi.searchFlyoutAddToCart.productIsNotEligible.description":803,"aldi.searchHistoryList.buttonDelete":804,"aldi.searchHistoryList.headline":805,"aldi.searchResult.noResultDescription":806,"aldi.searchResult.title":807,"aldi.searchResultRedirect.a11y.button":808,"aldi.searchResultRedirect.headline":809,"aldi.searchResultRedirect.headlineNew":810,"aldi.searchResultRedirect.text":811,"aldi.searchResultRedirect.textNew":812,"aldi.searchResultViewer.headline":813,"aldi.searchResultViewer.headline.noResults":814,"aldi.searchResultViewer.misspelledQuery.noResult":815,"aldi.searchResultViewer.offerSpellingSuggestionResult":816,"aldi.searchResultViewer.spellingSuggestion":817,"aldi.selectExistingAddress.confirm":818,"aldi.selectExistingAddress.headline":819,"aldi.selectExistingAddress.selectExistingAddress":820,"aldi.selectMerchantFeatureBar.change":148,"aldi.selectMerchantFeatureBar.current":821,"aldi.selectMerchantFeatureBar.currentLocation":822,"aldi.selectMerchantFeatureBar.currentStore":823,"aldi.selectMerchantFeatureBar.serviceType":824,"aldi.selectMerchantFeatureBar.tooltipText":825,"aldi.selectMerchantFeatureBar.tooltipTitle":514,"aldi.selectMerchantFeatureBar.zip":354,"aldi.serviceSelection.active.happyMessage":826,"aldi.serviceSelection.active.selectDelivery":260,"aldi.serviceSelection.active.yourAddress":827,"aldi.serviceSelection.changeReverted":828,"aldi.serviceSelection.curbsideDescription":829,"aldi.serviceSelection.deliveryDescription":830,"aldi.serviceSelection.deliveryRegisterCta.disabledDescription":831,"aldi.serviceSelection.description":832,"aldi.serviceSelection.itemsRemovedFromCart":833,"aldi.serviceSelection.pending.browseShop":834,"aldi.serviceSelection.pending.messageYouStep":835,"aldi.serviceSelection.pending.nextStepsDescription":836,"aldi.serviceSelection.pending.onList":837,"aldi.serviceSelection.pending.planRouteStep":838,"aldi.serviceSelection.pending.subscribeForDeliveryStep":839,"aldi.serviceSelection.selectStore":840,"aldi.serviceSelection.successInfoAfterSelection":841,"aldi.serviceSelection.welcomeToAldi":842,"aldi.serviceSelectorSearchDialog.be-patient":843,"aldi.serviceSelectorSearchDialog.cartChangedToastLinkText":844,"aldi.serviceSelectorSearchDialog.cartChangedToastMessage":845,"aldi.serviceSelectorSearchDialog.deliveryStep1":846,"aldi.serviceSelectorSearchDialog.deliveryStep1After":354,"aldi.serviceSelectorSearchDialog.deliveryStep2":847,"aldi.serviceSelectorSearchDialog.deliveryStep2Before":848,"aldi.serviceSelectorSearchDialog.invalidZipCodeDescription":849,"aldi.serviceSelectorSearchDialog.invalidZipCodeTitle":850,"aldi.serviceSelectorSearchDialog.noResultDescription":851,"aldi.serviceSelectorSearchDialog.noResultTitle":852,"aldi.serviceSelectorSearchDialog.pickupStep1":853,"aldi.serviceSelectorSearchDialog.pickupStep1After":854,"aldi.serviceSelectorSearchDialog.pickupStep2":847,"aldi.serviceSelectorSearchDialog.pickupStep2Before":848,"aldi.serviceSelectorSearchDialog.service-unavailable":855,"aldi.shippingAddress.changeShippingAddressHeadline":856,"aldi.skipToContent.label":857,"aldi.slider.next":414,"aldi.slider.pause":858,"aldi.slider.play":859,"aldi.slider.previous":426,"aldi.specialBuyDisclaimer.label":420,"aldi.store.linkStoreToCartError":860,"aldi.store.loadCartOnLoginError":861,"aldi.store.loadProductsError":862,"aldi.store.loadUserDetailsError":863,"aldi.store.storeSelectedBasedOnLocationInURL":864,"aldi.storeStockChecker.button.a11y":865,"aldi.storeStockChecker.error.button":866,"aldi.storeStockChecker.error.description":867,"aldi.storeStockChecker.error.headline":868,"aldi.storeStockChecker.noResults.description":869,"aldi.storeStockChecker.noResults.headline":870,"aldi.storeStockChecker.title":871,"aldi.storeStockChecker.toggle.stockOnly":872,"aldi.storeStockChecker.toggle.stockOnly.a11y":873,"aldi.substituteAllAccordion.checkboxLabel":874,"aldi.substitutionSearchModal.title":875,"aldi.substitutionSelectionModal.bestMatch":876,"aldi.substitutionSelectionModal.confirm":877,"aldi.substitutionSelectionModal.noSubstitution":878,"aldi.substitutionSelectionModal.search":879,"aldi.substitutionSelectionModal.specificProduct":880,"aldi.substitutionSelectionModal.substituteWith":881,"aldi.substitutionSelectionModal.substituteWithBestMatch":882,"aldi.substitutionSelectionModal.substitutionSelection":883,"aldi.substitutionSelectionModal.title":884,"aldi.summaryTotalsTable.alcoholFee":885,"aldi.summaryTotalsTable.bottleDeposit":886,"aldi.summaryTotalsTable.bufferAmount":887,"aldi.summaryTotalsTable.bufferAmountDescription":283,"aldi.summaryTotalsTable.changeTip":888,"aldi.summaryTotalsTable.credit":889,"aldi.summaryTotalsTable.creditCardAllocation":890,"aldi.summaryTotalsTable.creditCardAllocationLearnMore":891,"aldi.summaryTotalsTable.creditCardPaymentProcessingFee":892,"aldi.summaryTotalsTable.delivery":377,"aldi.summaryTotalsTable.deliveryFee":893,"aldi.summaryTotalsTable.editCartSummary":894,"aldi.summaryTotalsTable.exciseTax":895,"aldi.summaryTotalsTable.exclFees":896,"aldi.summaryTotalsTable.freeDelivery":897,"aldi.summaryTotalsTable.freePickup":898,"aldi.summaryTotalsTable.grandTotal":899,"aldi.summaryTotalsTable.items":417,"aldi.summaryTotalsTable.pickup":900,"aldi.summaryTotalsTable.serviceFee":901,"aldi.summaryTotalsTable.smallOrderFee":902,"aldi.summaryTotalsTable.smallOrderSubText":903,"aldi.summaryTotalsTable.subtotal":899,"aldi.summaryTotalsTable.subtotal.exclusiveText":904,"aldi.summaryTotalsTable.summaryTitle":905,"aldi.summaryTotalsTable.summaryTitle.2":906,"aldi.summaryTotalsTable.taxFee":907,"aldi.summaryTotalsTable.tip":908,"aldi.summaryTotalsTable.tipModalCta":909,"aldi.summaryTotalsTable.tipModalText":910,"aldi.summaryTotalsTable.tipModalTitle":911,"aldi.summaryTotalsTable.tipModalYourTip":912,"aldi.summaryTotalsTable.tipRemoveButton":913,"aldi.summaryTotalsTable.totalAllocation":914,"aldi.summaryTotalsTable.totalAllocation.2":915,"aldi.summaryTotalsTable.totalPrice":916,"aldi.summaryTotalsTable.totalPriceCreditCardDescription":917,"aldi.summaryTotalsTable.vatIncludedLabel":918,"aldi.themeTeaserList.headline":919,"aldi.url.help":920,"aldi.url.help.additionalCosts":921,"aldi.us.instacartLink.faq":922,"aldi.us.instacartPlus.criteriaMetHint":923,"aldi.us.instacartPlus.description":924,"aldi.us.instacartPlus.link":925,"aldi.us.instacartPlus.linkDescription":926,"aldi.us.instacartPlus.linkDescription.2":927,"aldi.us.instacartPlus.linkDescriptionSuffix":928,"aldi.us.instacartPlus.moreInfo":929,"aldi.us.instacartPlus.moreInfoLink":930,"aldi.us.instacartPlus.title":931,"aldi.us.instacartPlus.topUpLinkText":932,"aldi.us.instacartPlus.topUpPreText":933,"aldi.us.linkText":934,"aldi.us.paymentMethods.snap":935,"aldi.us.poweredBy":936,"aldi.us.product.disclaimer":937,"aldi.us.product.footnote":938,"aldi.us.product.snapEligible":939,"aldi.us.requestErrorContent.snapGeneralErrorHealdine":940,"aldi.us.requestErrorContent.snapGerneralErrorMessage":941,"aldi.us.snapBalance":942,"aldi.us.snapCart.eligibleAmount":943,"aldi.us.snapCart.learnMore":283,"aldi.us.snapCheckout.balanceCheckButton":944,"aldi.us.snapCheckout.disabled.headline":935,"aldi.us.snapCheckout.disabled.note":945,"aldi.us.snapCheckout.eligibleAmountHint":946,"aldi.us.snapCheckout.errorClosePinEntry":947,"aldi.us.snapCheckout.noEligibleAmountHint":948,"aldi.us.snapCheckout.paymentLabel":949,"aldi.us.snapCheckoutCardNumber.banner.text":950,"aldi.us.snapCheckoutCardNumber.button":951,"aldi.us.snapCheckoutCardNumber.headline":952,"aldi.us.snapCheckoutCardNumber.inputError":953,"aldi.us.snapCheckoutCardNumber.inputHint":954,"aldi.us.snapCheckoutCardNumber.inputLabel":955,"aldi.us.snapCheckoutCardNumber.invalidSnapCard":956,"aldi.us.snapCheckoutCardNumber.save":957,"aldi.us.snapCheckoutCardNumber.storeCheckbox":958,"aldi.us.snapErrorModalHeadline":959,"aldi.us.snapErrorModalSubline":960,"aldi.us.snapLabel":961,"aldi.us.snapLabelAriaLabel":962,"aldi.us.snapOrder.balanceAfterPayment":963,"aldi.us.timeslots.etaFormat":964,"aldi.useOrderAmendment.amendmentInProgress":965},"My Account","Log in to start shopping","Create Your Aldi Account","Accounts","Log in","Log out","Please login with your ALDI account to shop on this website.","Welcome ","Add new Address","Add new Billing Address","Add this Address","Save this as my new default address","Set as my new default billing address","Set as my new default shipping address","Add new Shipping Address","Add","Add to cart","Max. order quantity of {maxQuantity} is reached","{amount} of this item added to the cart","{amount} more of this item added to the cart, {productTotal} of this item in the cart","the minimum order value is not reached","{salesUnit} of this item added to the cart","Change Amount","{amount} of this item removed from the cart, {productTotal} of this item remaining in the cart","your subtotal is below the minimum order value","This item is removed from the cart","SNAP users are exempt of this","Decrease Amount","Increase Amount","Quantity","Remove Item","Unfortunately, we are unable to determine your address at the moment. Please enter your address manually.","Sorry, we do not currently allow PO Box address. Please try another address.","Service is not available here. Change Address.","Please select/enter a new address","Close and check your Date of Birth","Date of birth","Age Verification invalid","Please check your date of birth. Please insert like this: DD / MM / YYYY","Please check your date of birth and enter a valid date","Sorry, you are not eligible to purchase alcoholic beverages and semi alcoholic drinks. To continue shopping you can remove those items in your cart.","Date of birth: Day","Date of birth: Month","Date of birth: Year","Please enter date of birth","Edit Date of Birth","Remove alcoholic products","Please bring your valid ID for pickup, so that our ALDI store employee can verify your age.","DD","MM","YYYY","Sorry, there was an unexpected error. The affected products weren't removed. Please start age verification again.","The affected items have been removed from your cart.","The following products will be removed from your cart when you proceed with the provided age.","Alcohol by volume (ABV) % : ","Add items to your order","Change Delivery Time","Change Pickup Time","Update Confirmation","Your Delivery Time","Edit Your Delivery Time","Edit your Pickup Time","Keep Original Timeslot","Your Pickup Time","No Timeslot Available","Edit Order","Cancel edit","Got it","Unfortunately, we can not update the current order. Please place a new order.","Sorry for the inconvenience","Back","Yes, I’m sure","All your new updates will not be saved.","Looks like you want to cancel the order.","Are you sure?","Your order will be updated, only new changes applied.","Your update has been submitted. Please wait for an email confirmation.","Continue to Confirmation","Continue to Summary","Update Order","Back to Order Summary","Browse Categories","Delivery Summary","Same credit card/debit card used in the initial order will be for this transaction.","Payment Method","Pickup Summary","Sorry, there was an error processing your payment. Please contact our Support Team at (833) 344-4030 and provide the following error code: {code}.","Sorry, we were unable to process your payment. Please try again or contact our Support Team at (833) 344-4030 and provide the following error code: {code}","Breadcrumb","(opens in a new tab)","Change Billing Address","Continue to Payment","Please enter your billing address","Sorry, there are no products in our shop for the brand you've chosen. Please try again or browse our categories.","Let's go shopping","Reordering made easy","A list of your most frequently bought products will be shown here!","Buy again","Buy Again","Shop products from your past purchases.","Warning","The products and your cart are updated. Some products might not be available in the selected store. Please try again.","Edit substitutes","Your cart is empty.","Enjoy your shopping","{totalItems} items","Items in Cart","Minimum order value of {minimumThreshold} to checkout.","Cart update pending","Proceed to Checkout","Substitutes for unavailable products.","Read more","If a product is unavailable, it will be substituted with a similar product. In such cases, you will be charged the price of the substituted product. However, if you realise during pickup that you do not wish to receive the replacement, you have the option to refuse it.","To avoid receiving substitutes for specific products, you can directly edit your cart and indicate your preference for each product before checkout.","Substitutes for unavailable products","Oops! It looks like there was a problem applying your product substitution preference. Please double-check your selections and try again.","Your cart","Your cart ({totalItems} item) | Your cart ({totalItems} items)","Check your Cart.","Some changes have been made to your cart.","Add Note","Add Item Note","Your item note has been successfully added","Your item note is deleted","Edit Note","Edit Item Note","Your item note could not be saved","Note:","E.g. “green bananas” or “thinly sliced turkey”","Let us know your substitution preference in case items are out-of-stock.","Your item note has been successfully updated","Your special instructions has been successfully added","Your special instructions have been deleted","Help us select the items according to your preference. We try to honour your request whenever possible. However, we can't always guarantee this.","Your special instructions could not be saved","Instructions to picker (optional)","{number} characters left","Add details here","Your special instructions have been successfully updated","Change","Change Substitution product","Delete Item","No substitute if out of stock","Product removed","Restore Item","Substitute if out of stock","Restock your favorites!","Substitute products","Hide Details","Show Details","This category is not available for the selected merchant. Please check out other available offers on our website. \u003Cbr/>\u003Cbr/>Return to Homepage","Proceed to store selector","Please be aware our assortment may be different with the new store selection and might affect the products & prices displayed.","We noticed that you don't have an account with us yet. In order to be able to register for our delivery service, please create an account in the first step.","We are pleased that you are interested in our delivery service.","Change store","Use Address","You are shopping at the Aldi store in \u003Cb>{merchantAddress}\u003C/b> and your selected service is \u003Cb>{service}\u003C/b>. Please ensure that you have selected the appropriate store and service.","Change Store/Service","Confirm and proceed","Confirm your store and service","Something went wrong, please check your delivery adress in your account","Sorry, one or more products are not available. Please remove these products from your cart and try again. Go to \u003Ca href='/cart'>your cart\u003C/a> now !","Add new Card","This card will be permanently removed from your account.","Remove Card","Select from saved Cards","Debit/Credit*","Use this Card","All checkout steps have been completed. You are ready to continue to the payment process.","Timeslot is not valid anymore. Please choose an alternative option.","Sorry, the selected timeslot is no longer available. Please select and reserve a new timeslot","The selected store / service has changed.","The selected timeslot is no longer available.","Timeslot cannot be reserved due to alcohol restriction. Please select another timeslot to continue or remove alcohol products from your cart","Timeslots are not available. Please choose another store.","Checkout","The total amounts are not available","Alcohol - Age Verification","Billing Address","dddd, MMM. D,","Edit delivery address","Your Delivery Address & Time","Edit Alcohol Age Verification","Edit Billing Address","Edit pickers instructions","Edit your Delivery Address & Time","Edit Mobile Number for Order Updates","Edit Payment Method","Edit your Pickup Location & Time","Unfortunately, some information is missing. Please edit your data and try again.","We are sorry, but one or more products in your basket is not available. Please check your data and try again.","Return to cart","hh:mm A","Max PIN attempts reached.","You’ve entered an incorrect PIN too many times. Contact the support number on the back of your SNAP/EBT card to verify or update your PIN.","Mobile Number for Order Updates","The address already exists in your address book and will not be saved twice.","Sorry, something went wrong. Please try again.","Sorry, something went wrong with your payment. Please try again.","Payment","Edit pickup location","Your Pickup Location & Time","Please add your billing address","Please add your data","Please indicate your delivery address and time","Please add your mobile number","Please indicate your pickup location and time","Please select a timeslot to continue","Sorry, we are facing trouble saving your address. You may still continue to proceed with checkout to complete your order.","dddd, MMM D,","Your timeslot reservation has expired. Please select and reserve a new timeslot.","Save this address to address book","Billing Address:","Same as delivery address","An error occurred while adding the new card.","It seems like something went wrong, close the modal and try again.","Modal end","Billing Address selection","Shipping Address selection","Payment Method:","You'll be asked to enter and confirm your payment details in the next page after clicking “Continue to Payment”.","Free for Orders over {threshold}.","Add {thresholdDelta}","Save and Continue","Thank you for shopping at ALDI, {name}","Add items to cart","You changed your store and some products are unavailable for that store. You need more items to reach the minimum order value again. Please add items to your cart.","Minimum order value is not reached","Change {serviceType} location","Change service to {newService}","Current location:","Keep in mind that prices and product availability may differ.","Keep","No matches found! Please check your delivery address","Your address is now in a different delivery area. Please choose a delivery store of your choice.","Switch to In-Store Pickup","You can also pick up your purchases from a store of your choice:","Items and prices may change by selecting another store. Please check your shopping cart in the summary.","Select Delivery Store","Cart attributes could not be loaded","Expected attributes to be set but were undefined","By clicking the \"Pay Now\" button, you agree to ALDI's updated \u003Ca href='/online-privacy-notice' target='_blank'>Privacy Policy\u003C/a> and \u003Ca href='/terms-of-use' target='_blank'>Terms of Use\u003C/a>.","Pay now","$0.00","Sorry, we cannot deliver to your address!","Unfortunately, we are unable to deliver to the address you provided. Please try another address. Or maybe you would like to try our pick-up service?","Reserve and continue: Your {addressType} address, {address}, Your selected time-slot, {timeslot}","Timeslot change is not possible during order update.","Cancel Checkout","Change Store","Select Delivery","You can also switch to delivery or change the store.","DD MMM","Change Address","Select In-Store Pickup","You can also switch to In-Store Pickup or change your delivery address.","No timeslots available","Sorry, we are fully booked for the next days. Please try again tomorrow.","Sorry, we are fully booked for the next days. Please try again tomorrow or change your address.","Please enter your Billing Address and click Confirm","Please enter your age and click Confirm","Please enter your delivery address and click Continue","Please select your payment method and click Confirm","Please enter your mobile phone number and click Confirm","Please select a timeslot and click Continue","Expiration date: ","Expand for more information","Available","Current selected day","Current selected time","Select Delivery Day & Time","Please select a timeslot","Fully booked","Learn more","Your time slot is valid for the local time of the store and is reserved for 10 minutes.","We’ll hold your selected timeslot reservation for 10 minutes.","{ numberOfNonAvailableProducts } out of { totalNumberOfProducts } products are not available","Select Your Pickup Location & Time","Restricted","Scheduled available time slots","Timeslot reservation:","Accept and proceed","Select another timeslot","The followowing products are \u003Cb>not\u003C/b> available for the selected timeslot:","Changes in your order","Your selected Timeslot","Price","Could not find the store you were looking for. Assigned {service} at {storeName}, {zip} instead.","Navigate","Notification for attention","Notification for information","But full of possibilities","Estimated Fees / Taxes","Calculated once you have completed checkout steps above","Pending","clear all filter","remove filter for","Clear All","Clear filters","Show {number} products","Show 1 product","Filter","product","products","Clear Search","Search for Brands","Sorry, we couldn't find any Brands with \u003Cb>\"{searchTerm}\"\u003C/b>","{number} brand found | {number} brands found","Brand","Category","Origin","Delivery availability","Store availability","Pickup availability","SNAP/EBT Products","Price (Low to High)","Price (High to Low)","Relevance","Name (A to Z)","Name (Z to A)","Max. order quantity reached","Street line 2","Search address automatically","Suburb","Clear Input","County Code","Enter street/address","First name","Please enter a valid city","Please enter a valid e-mail address","Please enter a valid first name","Please enter a valid last name","Please do not enter more than {maxLength} characters.","Please enter a valid address","Please select state","Please enter a valid street address","Invalid suffix","Please check and enter a valid zip code, e.g. 12345 or 67890-5555","Last name","(optional)","Enter/edit address details separately","State","Street line 1","Street/Address","Postcode","Use My Current Location","delivery","pick up","All","Apply.","approx.","Back to Cart","Back to Overview","Back to shopping","Back to Top","ALDI","Brands","Cancel","Change address","Choose","Choose your Category","CHOOSE YOUR DAY","Close","Confirm","Click & Collect","Default","An error occurred","Delivery","Deposit","Detect Location","each","Edit","Oops, something went wrong. Please try again.","You have cancelled payment. Please try again to place your order.","Sorry, something went wrong with your cart. Go to \u003Ca href='/cart'>your cart\u003C/a> and try again !","Sorry, some products or prices may have changed. Please check your cart summary above and reserve a timeslot to continue to payment.","Sorry we can't process this product for your cart at the moment. Please try again later.","Sorry, we need to reload your cart. Please select and reserve timeslot to continue. ","We are sorry, but something went wrong. Please check your data and try again.","Looks like you were away. Please login again to continue shopping.","The store you selected does not have selected service available.","Sorry, address is not found. Please try a different address.","No network connection! Please check your internet connection and try again.","We are sorry, but your order cannot be processed at the moment. Please try again later.","Sorry, we were unable to process your payment and you haven't been charged. Please check your payment information and try again. If the problem persists, please contact our \u003Ca href='https://new.aldi.us/about-aldi/contact-us'>customer support\u003C/a> for assistance.","Sorry, an error occurred with your 3D Secure authentication. Please check your payment information is correct and try again.","Sorry, an error occurred with your 3D Secure authentication. Please check with your bank or try a different payment card/method.","You have cancelled your payment. Please try again to place your order. ","Sorry, your payment was declined by your bank so you haven't been charged. Please check with your bank or try a different payment card/method.","Sorry, we were unable to process your payment and you haven't been charged. Please check your payment information is correct and try again.","Sorry, there was an error processing your payment and you haven't been charged. Please contact our \u003Ca href='https://new.aldi.us/about-aldi/contact-us'>customer support\u003C/a> for assistance.","Sorry, we are experiencing a problem with our payment system and you haven't been charged. Please try again later or contact our \u003Ca href='https://new.aldi.us/about-aldi/contact-us'>customer support\u003C/a> for assistance.","Please login again. You have been logged out for security reasons.","Your timeslot reservation has expired. Please select and reserve a timeslot to continue.","Page Error: ","Expired","Help","Home","ALDI Homepage","Homepage","Sorry, some products or prices in your cart may have changed. Please check your cart summary above before proceeding.","loading...","Navigation","Open Category: {categoryName}","Next","No results","or","Items","Use other Address","{current} out of {total}"," ","pcs.","Please note","Please note:","+","+ deposit","Previous","Proceed","Qty","Remove","Required","Reserve and continue","Reset all","Results","Save","Select","Close {name} options","Open {name} options","Available options","Service","Show all","Show all in","Show less","Show more","Show more stores","Skip to content","Find us on our socials","Special Buys","Footer Menu - further links","Store Selection Bar","Privacy and Policy Menu","You have successfully logged in.","Today","Tomorrow","View result","Walk-In","Temporary Hold","Clear query","Search products","Thumbnail images","Image viewer carousel","Close Information Banner","20 second timer starts. You will be redirected to our trusted third-party provider to enter your SNAP slash E.B.T PIN","You will be redirected to our trusted third-party provider to enter your PIN. We will bring you back to our website afterwards.","Redirect: Enter PIN for SNAP/EBT Payment","Redirect now","See Price in Store","Available {onSaleDate}","Get ready—this product will be available soon!","Disclaimer","Animal Food additives","Alcohol Percentage: {alcoholPercentage}","Product can contain {allergensContained}","May contain traces of {allergensTraces}","Preparation hints","Serving suggestion","Storage hints","Usage hints","The product may be delivered from various suppliers, so the content may change. See all information here.","Quantities stated above are averages only and may vary between suppliers.\n Further nutrition may be displayed on the product label.\n \u003C means Less Than,\n - means that the value is not available","Animal Food","Supplier","Contact","Hints","Ingredients / Allergens","Nutritions","Product Description","Open cart","The product can't be added, otherwise the maximum order limit of {maxOrderValue} will be exceeded. Edit your cart or start the checkout process via the cart.","Order limit reached","Accept and Continue","The following products will be removed from your cart","You selected a different store or service that cannot provide some products in your cart.","Some products are not available","Keep Original Choice","\u003Cp>The following products will \u003Cb>be removed\u003C/b> from your cart with the new selection:\u003C/p>","Delivery location selected.","Curbside store selected.","New store selected","Hey, you are currently shopping {service} at {address}. Please note that our assortment may be different in each store and that the selection will affect the products displayed.","Keep Selection","Welcome to Aldi","We assigned you a store and a service to shop from:","Your selected store","We asssigned you a store and a service to shop from:","You have selected a different store/service to what is currently linked to your account. Product prices and availability may change between stores/services. This change will apply to all of your logged in devices. Which store would you like to shop?","How would you like to shop?","This change may effect product prices and availability.","Your logged in devices might be effected to this new change.","Restore","Select one and confirm:","You selected a different store than the last time you were logged into your account.","Change Store/Service?","Address","Store Selection","Enter your street address","Unfortunately, we are unable to determine your address at the moment. Please enter your Postcode to help us locate a store closest to you.","{address} have {availableAddressesCount}","When autocomplete results are available use up and down arrows to navigate and enter to select. If multiple addresses are given, a new search will be initiated after selecting an option.","Use arrow keys to navigate {optionsLength} address results","Use arrow keys to navigate 1 address result","{count} Addresses","Your location could not be determined or your device does not support localization","Please enable geolocation on your device to use this feature","Invalid Postcode. We cannot find a store here. Please enter your Postcode like this, e.g. 2000","Please format like this, e.g. 2000","Your Cart has {totalItems} product | Your Cart has {totalItems} products","View Cart in Full Page","Cart","You need to reach the minimum order value of {formattedHardMinimumThreshold} to proceed to checkout.","This specific link type is only rendered in mobile app view.","Changes will only be saved for this order.","Invalid mobile number. Please use this format: \"0400 123 456\"","0000 000 000","Save mobile phone number in my account","Mobile number","Mobile number too long","Mobile number too short","Please enter a valid email address","Sorry... something went wrong. Please try again.","Your Email","Enter your email","Subscribe","Thank you for subscribing to our newsletter","Simply add a new payment method during your next purchase.","Sorry, there are no products for the filters you've chosen. Please try again.","Create Account","You are currently not logged in","Please log in or create an account to proceed to this page.","This order has been cancelled.","View Order history","Return to Homepage","Sorry, your order has been cancelled. Place a new order or view your order history.","Order confirmation sent to:","Your Order ID","Didn’t get an email?","Please contact us.","Delivery Location & Time","h a","h:mm a","What’s next","In Delivery","In Progress","This order ID does not exist.","Your order has been received, and we will notify you as soon as it's ready for collection.","Order Received","Pickup Location & Time","Ready for Pick up","dddd, MMM. D, h","dddd, MMM. D, h:mm","Order Summary","Order Summary ({count} Product) | Order Summary ({count} Products)","Delivery Location","Pickup Location","Your subtotal is: {subtotal}, free delivery on orders over {threshold}","Your subtotal is: {subtotal}, free pickup on orders over {threshold}","Yes, edit order","Yes, cancel order","Add all to cart","\u003Cli>The new adjusted amount can be paid by \u003Cb>credit card only\u003C/b>.\u003C/li>\u003Cli>The \u003Cb>current prices\u003C/b> will be applied to your order.\u003C/li>\u003Cli>\u003Cb>After picking has started, it is not possible to amend your order\u003C/b>.\u003C/li>","Editing your order will result in the removal of your current Cart. If you don't wish to lose the items in your cart \u003Cb>please place a new order first\u003C/b>.","Need to edit your order?","Apple Pay","Cancelled orders","Cancel order","Are you sure you want to cancel your order?","We can no longer cancel your order because the order is already picked.","Your order is being cancelled. You will receive a confirmation e-mail shortly.","The order cancellation was successful","Cancel this order","All Orders","Current Month","This year","Last 12 Months","Last 2 Weeks","Last 3 Months","Last 6 Months","Last 9 Months","Last Month","Last year","Filter by order date","No, keep original order","No, don't cancel","Completed orders","Edit order","Sorry, we are unable to add products to your cart at the moment. Please try again later.","Look's like you are still editing another order, please finalize that first to continue.","Sorry, we did not find any orders.","Sorry, unfortunately this order cannot be updated anymore.","Sorry, all selected items are unavailable for this store and have therefore not been added to your cart","My Order Details","Load more","My Orders","No orders yet.","Sorry you haven't got any orders in your selected time range. Please choose another one.","You have not placed any orders in the","View orders in","Open orders","not available now","Start your shopping now.","Available products have been added. Products added are subject to availability and prices may differ. Please check \u003Ca href='/cart'>your cart\u003C/a>!","Products ordered","Please try again later","Your cart is ready and waiting.","Start shopping now to fill it up.","Prices of products can change over time. Please find the current price in your cart after adding the product again.","Original Item:","Cancelled / Returned Products","Replacements","You can still add products to your order before picking starts.","Update submitted","Order Update in Progress","Order Updated","Order canceled","Cancelled at","DD/MM/YYYY - h:mm a","Order delivered","Delivered on","Delivery at","DD/MM/YYYY","Order in progress","Order ID","Ordered at","Order out for delivery","Pending Cancellation","Pick up at","DD/MM/YYYY, h","DD/MM/YYYY, h:mm","Order picked up","Picked up on","Picking completed","Order placed","Order refunded","Order returned","Track your order","Your Order was successful.","Thank you for shopping at ALDI, {name}!","A fee will be applied for orders under $10.","A fee will be applied to orders under {threshold}.","Free Delivery on orders over {target}.","Good news! Your order qualifies for Free Delivery!","Free Pickup on orders over {target}.","Good news! Your order qualifies for Free Pickup!","Your subtotal is: {subtotal}, minimum order value is: {threshold}","You reached the minimum order value of {threshold}.","Good news! The small order fee has been waived.","If not fulfilled you will be charged a small fee.","Reach the minimum spend required for small fee exemption","Minimum order value {threshold}","Order History","New","New access to your orders! View, track or buy again from all your past purchases","Amendment"," Checkout ","ALDI -","- AU","page {pageNumber}","Card Number ends with: ","Delete","Use different credit/debit card","Use new debit/credit card","Expiry Date: ","Exp.: ","Set as Default","Your credit card has expired. Please enter a valid payment method.","Same billing and delivery address","Save Credit Card details in my account","Save card details for next time","Credit Card","You will be redirected to enter your credit card details after reviewing and submitting your order.","Credit Card Number","CVC Code","We are sorry, but something went wrong with your payment. Please check your data and try again.","You can comfortably pay your purchases with credit card","Your default card is no longer valid and has therefore been removed. Please select or add another card.","Please add/select your Credit Card","Add alternate Credit/Debit Card","An extra {allocationFee}% of the complete shopping cart value will be reserved against your payment method. This is so that we can ensure that any price fluctuations of products are covered during payment. Any amount not required will be released immediately upon order completion.","Payment Allocation","You will be redirected to enter your new credit card details after reviewing and submitting your order.","Invalid card number. Please verify your card data.","Card type invalid. Please verify your card data.","Invalid Card Verification Value. Please verify your card data.","Expiry date invalid. Please verify your card data.","Expiry month invalid. Please verify your card data.","Expiry year invalid. Please verify your card data.","Invalid Issue-Number (card sequence number). Please verify your card data.","Card type does not match card number. Please verify your card data.","Transaction has been rejected. Please verify your data.","Firstname","Lastname","Total","Change credit/debit card","Valid until","Change Credit/Debit Cards","Change your debit/credit card","You can save a new payment method during checkout when you are placing your next order.","If deleted, you will not be able to select this payment method for future purchases. If you have used this payment method for previous orders, you will still be able to view it within the order history details.","Yes, delete payment method","Delete this payment method?","No payment methods yet.","Simply save a new payment method during checkout when you are placing your next order.","Other Payment Methods","You successfully deleted one payment method.","Edit current Mobile Phone Number: {phoneNumber}","Switch to Curbside","Sorry, we do not deliver to PO Boxes!","Test key for preview publish","+ {bottleDeposit} deposit {bottleDepositType}","Discounted price: {price}","Original price: {price}","add. costs","Accessories","Back shot","Details","Front shot","Group","Ingredients","Leftside","Lifestyle","Nutrients","Rigthside","Energy Label {energyClass}","Energy efficiency class {energyClass}, Download {displayName}","price incl. GST","incl. GST","Cannot load product, please try again later!","Cannot load product","The product you have requested does not seem to exist.","The product you're looking for is not available at this store/service!","Choose from the available options:","Random Weight Label","Limited","Sold Out","Products","This option is not available. Selecting it will choose an available combination.","Allergens","Weighted item","View products for brand: {brand}","Final price is based on weight at register. Prices for pre-packaged goods are estimated.","This product is not available in your chosen store.","Product Details","Only show","Sort","Sort & Filter","Sort by","Sort now","Applied Filters","Product image ","Enlarge image","Product image","Thumbnail Image","All Products","All {categoryName} Items","Please select store in order to view products.","Loading product recommendations","Sorry, there are no products in our shop for the options you have chosen. Please try again or browse our categories.","Change Store/Address","Remove from Cart","\u003Cp>Sorry, the following products are \u003Cb>not available\u003C/b> from your selected store/address:\u003C/p>","This promotion is no longer valid. Please check out other available offers on our website.","Go to Cart","No items in your cart","Error {errorStatus} – We are looking into this.","This content is currently not available. Please try again later!","Sorry, but something went wrong with your account!","Please try to log out and log in again. If issue persists please contact us.","Error","Go to Checkout","Sorry, we couldn't find that page!","It may be no longer be available or no longer accessible at this URL.","Something went wrong","We are already working on it. You can refresh the page or try again in 30 minutes.","Categories","%n Category suggestions","An error occured while searching. Please try again in a few minutes.","found","No Products found!","Sorry, we couldn't find any suggestions for \u003Cb>\"{query}\"\u003C/b>.","%n Product suggestions","Search Results","%n Search suggestions","Item is already in cart","Item is not eligible","Delete Search History","Recent Searches","Sorry, there are no products in our shop for the term you searched. Please try again or browse our categories.","Search","View Result for {redirectName}","Related Search Results","Our recommendations for you","We have found a suitable search result for you that is not part of our website.","We found additional results that are related to \"{redirectName}\".","Results for","Sorry, but we couldn't find results for \"{searchQuery}\"","No result found for {query}","Did you mean {query}?","Showing results for ","Use this Address","Choose Address","Select from saved Addresses","current","current location","Current store:","service type","Confirm that the current location is correct to show your local store","Hooray! You can now use Delivery.","Your delivery address:","Change reverted successfully.","To pickup your groceries at your local store and perfect time slot, please","To have your groceries delivered at your perfect time slot","Address not valid","To see local offers and services please select your preference.","Some products were removed from your shopping cart.","Browse Shop","We will let you know when you can start shopping with delivery","Next steps, until the delivery service can be used:","Great, you're on the list!","We will plan a route (this can take some time)","Subscribe for Delivery Service","Select Store","Great! You are all set. Start shopping now.","Welcome to ALDI","Please be patient!","Check your cart.","The change of the store affects some products you want to buy.","Enter your Postcode and address","Select your preferred store and start shopping","Select store","Please check your input and try again.","Sorry, this zip code does not exist","Try another Postcode close to your location.","Sorry, we have no stores in this region yet","Enter your location to find a store","Location","Delivery {serviceSelectionType} will be available soon!","Change Shipping Address","Skip to Content","Pause","Play","We could not link your selected store to your cart, please try again later!","Unable to load cart data, please try to login again!","Sorry, there was an error loading your products. Please refresh and try again.","Unable to load user details, please try to login again!","You are now shopping {service} at {storeName}, {zip}.","Check store availability. Current store: {address}, {availability}.","Try again","Sorry, there is a problem. Please try again or come back later.","Oops! Something went wrong here.","Try searching in a different area to discover more stores that might have it in stock.","We couldn't find this product in a store nearby.","Check Store Availability","In Stock Only","Show stores with product in stock only.","Allow substitutes for all products","Substitution product search","with best match","Save Substitution Selection","No substitution","Search for a specific product","with specific product","Substitute with","best match","Substitution selection","Select your substitution option","Alcohol fee","Bottle Deposit","Payment Buffer","Change the tip percentage","Credit/Discount applied","Credit card allocation","Learn more about credit card allocation","Credit card surcharge","Free","Edit items in cart","Excise Tax","Total excl. fees","Free Delivery applied","Free Curbside applied","Subtotal","Pickup","Service fee","Small order fee","Reach the minimum order value for small fee exemption","Excl. fees/taxes","Cart Summary","Your Cart ({count} Product) | Your Cart ({count} Products)","Est. Sales Tax","Tip","Add Tip","Adding a tip is up to you, but it can be a nice way to thank your driver for delivering your order. ","Show your satisfaction with a tip!","Your tip $","Remove Tip","Total incl. Credit Card Allocation","Purchase incl. temporary payment hold","Total (incl. GST)","incl. Taxes and Credit Card Allocation","All Prices inkl. GST.","Browse Themes","https://de-crm.my.site.com/hilfemeinaldi/s/","https://de-crm.my.site.com/hilfemeinaldi/s/article/Welche-Kosten-k%C3%B6nnen-f%C3%BCr-die-Nutzung-des-meinALDI-Services-anfallen","Instacart+ discount","for $35+","to benefit from instacart+ discounts for orders that are at least $35.","Link your Instacart+ membership","Instacart+ members quality for discounts on orders of $35+.","Instacart+ members quality for discounts on orders of $35+. {0} to start saving with ALDI.","to start saving with ALDI.","For more information on Instacart+ and ALDI, ","visit our FAQS.","Instacart+ membership","Instacart+ discounts","Spend $35+ for","click here","SNAP/EBT Card","Powered by","Prices may change over time","Prices online may vary from those in store.","SNAP/EBT eligible product","Sorry, something went wrong!","Please try the checkout process again.","Paying with SNAP/EBT? Please use our Instacart site - just","of your order is SNAP/EBT eligible. Please note this can include bottle deposit fees wherever applicable.","SNAP/EBT balance check","Payment with SNAP/EBT is not possible at this time. Please try again later.","Up to {amount} of your order is SNAP/EBT eligible. Please note this can include bottle deposit fees whenever applicable.","You have cancelled your payment. Please try again to place your order.","Unfortunately, you don’t have any SNAP products in your shopping cart and therefore cannot use this card this time.","Pay with SNAP/EBT Card","You already have a saved SNAP/EBT Card connected to your account. If you save this card, the other one will be deleted.","ENTER your SNAP/EBT Card here","Enter SNAP/EBT card credentials","Error adding SNAP EBT card. Please verify card number and try again.","Enter the EBT card number","Enter new card number","Please enter your SNAP/EBT card","Proceed with Checkout","Store SNAP card details in my account","SNAP/EBT Error","Sorry, something went wrong with your SNAP/ EBT card. Please check your balance and try again.","SNAP EBT","SNAP eligible product","Your SNAP/EBT card balance after this transaction is ","By","You are currently editing an order. Please finish or cancel editing before continuing.",true,["Reactive",968],{"$snuxt-i18n-meta":969},{},["Set"],["ShallowReactive",972],{"i18nResult":973,"useRequestedUrlPath":973,"$IWTqfbgBdT":973,"$3lC1amD7Nf":973},null,{"aem":975,"merchantAndServiceSelection":4053,"countryAdjustments":4080,"store-config":4092,"cart":4161,"user":4178,"toast":4183,"ariaAnnouncement":4187,"root":4189,"checkout":4679,"promotionTree":4699,"informationBanner":4802,"viewport":4806,"abTest":4809,"searchSuggestions":4813,"searchHistory":4821,"categoryNavigationTree":4823,"search":4824,"cmsContent":4833,"productFilterModal":4839},{"_contentTemplate":976,"_isAEMAvailable":978,"_cmsProductCategories":979,"_serviceSelectionData":3314,"_isForceErrorPage":3316,"_customErrorPage":3318,"_pageConfig":3319,"_pageNavigation":3455,"_aemContentPage":3723,"_isNavAvailable":4052},["Ref",977],"https://publish.prod.apac.cms.aldi.cx/content/aldi/apac/au/web/main/homepage{localPath}.content.v1.api/content.json",["Ref",966],["Ref",980],[981,1145,1249,1387,1791,1988,2202,2283,2402,2597,2642,2837,2956,3207,3230,3253,3276,3291],{"categoryId":982,"featurePage":983,"subCategories":989,"thumbnailImage":1128},"1000000000",{":reference-type":984,"localPath":985,"path":986,"type":987,"url":988},"link","/tools/clp/drinks","/content/aldi/apac/au/web/main/en/tools/clp/drinks","internal","https://publish.prod.apac.cms.aldi.cx/content/aldi/apac/au/web/main/homepage/tools/clp/drinks.content.v1.api/content.json",[990,1013,1032,1051,1071,1090,1109],{"categoryId":991,"thumbnailImage":992},"1111111207",{":reference-type":993,"altText":994,"originals":995,"variants":1004},"image","1002344-1_SOFT-DRINKS_600x600.png",[996],{"height":997,"path":998,"ratio":999,"uriTemplate":1000,"width":997},600,"/content/dam/aldi/apac/au/editorial/online-merch-2023/category-icons/subcateogry/drinks/1002344-1_SOFT-DRINKS_600x600.png",1,{"cropCenter":1001,"scaleHeight":1002,"scaleWidth":1003},"https://dm.apac.cms.aldi.cx/is/image/aldiprodapac/1002344-1_SOFT-DRINKS_600x600?wid={width}&hei={height}&fit=crop&fmt=png-alpha","https://dm.apac.cms.aldi.cx/is/image/aldiprodapac/1002344-1_SOFT-DRINKS_600x600?hei={height}&fmt=png-alpha","https://dm.apac.cms.aldi.cx/is/image/aldiprodapac/1002344-1_SOFT-DRINKS_600x600?wid={width}&fmt=png-alpha",{"1-1-small":1005},{"maxHeight":997,"maxWidth":997,"ratio":999,"renditions":1006,"uriTemplate":1010},[1007],{"height":1008,"url":1009,"width":1008},376,"https://dm.apac.cms.aldi.cx/is/image/aldiprodapac/1002344-1_SOFT-DRINKS_600x600%3A1-1?wid=376&hei=376&fit=stretch&fmt=png-alpha",{"scaleHeight":1011,"scaleWidth":1012},"https://dm.apac.cms.aldi.cx/is/image/aldiprodapac/1002344-1_SOFT-DRINKS_600x600%3A1-1?hei={height}&fit=constrain&fmt=png-alpha","https://dm.apac.cms.aldi.cx/is/image/aldiprodapac/1002344-1_SOFT-DRINKS_600x600%3A1-1?wid={width}&fit=constrain&fmt=png-alpha",{"categoryId":1014,"thumbnailImage":1015},"1111111208",{":reference-type":993,"altText":1016,"originals":1017,"variants":1024},"1002344-1_JUICE-CORDIAL_600x600.png",[1018],{"height":997,"path":1019,"ratio":999,"uriTemplate":1020,"width":997},"/content/dam/aldi/apac/au/editorial/online-merch-2023/category-icons/subcateogry/010923/1002344-1_JUICE-CORDIAL_600x600.png",{"cropCenter":1021,"scaleHeight":1022,"scaleWidth":1023},"https://dm.apac.cms.aldi.cx/is/image/aldiprodapac/1002344-1_JUICE-CORDIAL_600x600-1?wid={width}&hei={height}&fit=crop&fmt=png-alpha","https://dm.apac.cms.aldi.cx/is/image/aldiprodapac/1002344-1_JUICE-CORDIAL_600x600-1?hei={height}&fmt=png-alpha","https://dm.apac.cms.aldi.cx/is/image/aldiprodapac/1002344-1_JUICE-CORDIAL_600x600-1?wid={width}&fmt=png-alpha",{"1-1-small":1025},{"maxHeight":997,"maxWidth":997,"ratio":999,"renditions":1026,"uriTemplate":1029},[1027],{"height":1008,"url":1028,"width":1008},"https://dm.apac.cms.aldi.cx/is/image/aldiprodapac/1002344-1_JUICE-CORDIAL_600x600-1%3A1-1?wid=376&hei=376&fit=stretch&fmt=png-alpha",{"scaleHeight":1030,"scaleWidth":1031},"https://dm.apac.cms.aldi.cx/is/image/aldiprodapac/1002344-1_JUICE-CORDIAL_600x600-1%3A1-1?hei={height}&fit=constrain&fmt=png-alpha","https://dm.apac.cms.aldi.cx/is/image/aldiprodapac/1002344-1_JUICE-CORDIAL_600x600-1%3A1-1?wid={width}&fit=constrain&fmt=png-alpha",{"categoryId":1033,"thumbnailImage":1034},"1111111209",{":reference-type":993,"altText":1035,"originals":1036,"variants":1043},"1002344-1_WATER_600x600.png",[1037],{"height":997,"path":1038,"ratio":999,"uriTemplate":1039,"width":997},"/content/dam/aldi/apac/au/editorial/online-merch-2023/category-icons/subcateogry/010923/1002344-1_WATER_600x600.png",{"cropCenter":1040,"scaleHeight":1041,"scaleWidth":1042},"https://dm.apac.cms.aldi.cx/is/image/aldiprodapac/1002344-1_WATER_600x600-1?wid={width}&hei={height}&fit=crop&fmt=png-alpha","https://dm.apac.cms.aldi.cx/is/image/aldiprodapac/1002344-1_WATER_600x600-1?hei={height}&fmt=png-alpha","https://dm.apac.cms.aldi.cx/is/image/aldiprodapac/1002344-1_WATER_600x600-1?wid={width}&fmt=png-alpha",{"1-1-small":1044},{"maxHeight":997,"maxWidth":997,"ratio":999,"renditions":1045,"uriTemplate":1048},[1046],{"height":1008,"url":1047,"width":1008},"https://dm.apac.cms.aldi.cx/is/image/aldiprodapac/1002344-1_WATER_600x600-1%3A1-1?wid=376&hei=376&fit=stretch&fmt=png-alpha",{"scaleHeight":1049,"scaleWidth":1050},"https://dm.apac.cms.aldi.cx/is/image/aldiprodapac/1002344-1_WATER_600x600-1%3A1-1?hei={height}&fit=constrain&fmt=png-alpha","https://dm.apac.cms.aldi.cx/is/image/aldiprodapac/1002344-1_WATER_600x600-1%3A1-1?wid={width}&fit=constrain&fmt=png-alpha",{"categoryId":1052,"thumbnailImage":1053},"1111111210",{":reference-type":993,"altText":1054,"originals":1055,"variants":1063},"SportsDrinks_CategoryThumbnails.jpg",[1056],{"height":1057,"path":1058,"ratio":999,"uriTemplate":1059,"width":1057},1500,"/content/dam/aldi/apac/au/editorial/digitas-images-2025/placeholders/cat-thumbnails/SportsDrinks_CategoryThumbnails.jpg",{"cropCenter":1060,"scaleHeight":1061,"scaleWidth":1062},"https://dm.apac.cms.aldi.cx/is/image/aldiprodapac/SportsDrinks_CategoryThumbnails?wid={width}&hei={height}&fit=crop","https://dm.apac.cms.aldi.cx/is/image/aldiprodapac/SportsDrinks_CategoryThumbnails?hei={height}","https://dm.apac.cms.aldi.cx/is/image/aldiprodapac/SportsDrinks_CategoryThumbnails?wid={width}",{"1-1-small":1064},{"maxHeight":1057,"maxWidth":1057,"ratio":999,"renditions":1065,"uriTemplate":1068},[1066],{"height":1008,"url":1067,"width":1008},"https://dm.apac.cms.aldi.cx/is/image/aldiprodapac/SportsDrinks_CategoryThumbnails%3A1-1?wid=376&hei=376&fit=stretch&qlt=85",{"scaleHeight":1069,"scaleWidth":1070},"https://dm.apac.cms.aldi.cx/is/image/aldiprodapac/SportsDrinks_CategoryThumbnails%3A1-1?hei={height}&fit=constrain","https://dm.apac.cms.aldi.cx/is/image/aldiprodapac/SportsDrinks_CategoryThumbnails%3A1-1?wid={width}&fit=constrain",{"categoryId":1072,"thumbnailImage":1073},"1111111211",{":reference-type":993,"altText":1074,"originals":1075,"variants":1082},"1002344-1_TEA-COFFEE-CHOC_600x600.png",[1076],{"height":997,"path":1077,"ratio":999,"uriTemplate":1078,"width":997},"/content/dam/aldi/apac/au/editorial/online-merch-2023/category-icons/subcateogry/010923/1002344-1_TEA-COFFEE-CHOC_600x600.png",{"cropCenter":1079,"scaleHeight":1080,"scaleWidth":1081},"https://dm.apac.cms.aldi.cx/is/image/aldiprodapac/1002344-1_TEA-COFFEE-CHOC_600x600-1?wid={width}&hei={height}&fit=crop&fmt=png-alpha","https://dm.apac.cms.aldi.cx/is/image/aldiprodapac/1002344-1_TEA-COFFEE-CHOC_600x600-1?hei={height}&fmt=png-alpha","https://dm.apac.cms.aldi.cx/is/image/aldiprodapac/1002344-1_TEA-COFFEE-CHOC_600x600-1?wid={width}&fmt=png-alpha",{"1-1-small":1083},{"maxHeight":997,"maxWidth":997,"ratio":999,"renditions":1084,"uriTemplate":1087},[1085],{"height":1008,"url":1086,"width":1008},"https://dm.apac.cms.aldi.cx/is/image/aldiprodapac/1002344-1_TEA-COFFEE-CHOC_600x600-1%3A1-1?wid=376&hei=376&fit=stretch&fmt=png-alpha",{"scaleHeight":1088,"scaleWidth":1089},"https://dm.apac.cms.aldi.cx/is/image/aldiprodapac/1002344-1_TEA-COFFEE-CHOC_600x600-1%3A1-1?hei={height}&fit=constrain&fmt=png-alpha","https://dm.apac.cms.aldi.cx/is/image/aldiprodapac/1002344-1_TEA-COFFEE-CHOC_600x600-1%3A1-1?wid={width}&fit=constrain&fmt=png-alpha",{"categoryId":1091,"thumbnailImage":1092},"1111111212",{":reference-type":993,"altText":1093,"originals":1094,"variants":1101},"1002344-1_FLAVOURED-MILK_600x600.png",[1095],{"height":997,"path":1096,"ratio":999,"uriTemplate":1097,"width":997},"/content/dam/aldi/apac/au/editorial/online-merch-2023/category-icons/subcateogry/010923/1002344-1_FLAVOURED-MILK_600x600.png",{"cropCenter":1098,"scaleHeight":1099,"scaleWidth":1100},"https://dm.apac.cms.aldi.cx/is/image/aldiprodapac/1002344-1_FLAVOURED-MILK_600x600-1?wid={width}&hei={height}&fit=crop&fmt=png-alpha","https://dm.apac.cms.aldi.cx/is/image/aldiprodapac/1002344-1_FLAVOURED-MILK_600x600-1?hei={height}&fmt=png-alpha","https://dm.apac.cms.aldi.cx/is/image/aldiprodapac/1002344-1_FLAVOURED-MILK_600x600-1?wid={width}&fmt=png-alpha",{"1-1-small":1102},{"maxHeight":997,"maxWidth":997,"ratio":999,"renditions":1103,"uriTemplate":1106},[1104],{"height":1008,"url":1105,"width":1008},"https://dm.apac.cms.aldi.cx/is/image/aldiprodapac/1002344-1_FLAVOURED-MILK_600x600-1%3A1-1?wid=376&hei=376&fit=stretch&fmt=png-alpha",{"scaleHeight":1107,"scaleWidth":1108},"https://dm.apac.cms.aldi.cx/is/image/aldiprodapac/1002344-1_FLAVOURED-MILK_600x600-1%3A1-1?hei={height}&fit=constrain&fmt=png-alpha","https://dm.apac.cms.aldi.cx/is/image/aldiprodapac/1002344-1_FLAVOURED-MILK_600x600-1%3A1-1?wid={width}&fit=constrain&fmt=png-alpha",{"categoryId":1110,"thumbnailImage":1111},"1588161408332099",{":reference-type":993,"altText":1112,"originals":1113,"variants":1120},"1002344-1_ICED-TEA-KOMBUCHA_600x600.png",[1114],{"height":997,"path":1115,"ratio":999,"uriTemplate":1116,"width":997},"/content/dam/aldi/apac/au/editorial/online-merch-2023/category-icons/subcateogry/drinks/1002344-1_ICED-TEA-KOMBUCHA_600x600.png",{"cropCenter":1117,"scaleHeight":1118,"scaleWidth":1119},"https://dm.apac.cms.aldi.cx/is/image/aldiprodapac/1002344-1_ICED-TEA-KOMBUCHA_600x600?wid={width}&hei={height}&fit=crop&fmt=png-alpha","https://dm.apac.cms.aldi.cx/is/image/aldiprodapac/1002344-1_ICED-TEA-KOMBUCHA_600x600?hei={height}&fmt=png-alpha","https://dm.apac.cms.aldi.cx/is/image/aldiprodapac/1002344-1_ICED-TEA-KOMBUCHA_600x600?wid={width}&fmt=png-alpha",{"1-1-small":1121},{"maxHeight":997,"maxWidth":997,"ratio":999,"renditions":1122,"uriTemplate":1125},[1123],{"height":1008,"url":1124,"width":1008},"https://dm.apac.cms.aldi.cx/is/image/aldiprodapac/1002344-1_ICED-TEA-KOMBUCHA_600x600%3A1-1?wid=376&hei=376&fit=stretch&fmt=png-alpha",{"scaleHeight":1126,"scaleWidth":1127},"https://dm.apac.cms.aldi.cx/is/image/aldiprodapac/1002344-1_ICED-TEA-KOMBUCHA_600x600%3A1-1?hei={height}&fit=constrain&fmt=png-alpha","https://dm.apac.cms.aldi.cx/is/image/aldiprodapac/1002344-1_ICED-TEA-KOMBUCHA_600x600%3A1-1?wid={width}&fit=constrain&fmt=png-alpha",{":reference-type":993,"altText":1129,"originals":1130,"variants":1137},"Drinks_CategoryThumbnails_600_600.jpg",[1131],{"height":997,"path":1132,"ratio":999,"uriTemplate":1133,"width":997},"/content/dam/aldi/apac/au/editorial/digitas-images-2025/placeholders/cat-thumbnails/Drinks_CategoryThumbnails_600_600.jpg",{"cropCenter":1134,"scaleHeight":1135,"scaleWidth":1136},"https://dm.apac.cms.aldi.cx/is/image/aldiprodapac/Drinks_CategoryThumbnails_600_600?wid={width}&hei={height}&fit=crop","https://dm.apac.cms.aldi.cx/is/image/aldiprodapac/Drinks_CategoryThumbnails_600_600?hei={height}","https://dm.apac.cms.aldi.cx/is/image/aldiprodapac/Drinks_CategoryThumbnails_600_600?wid={width}",{"1-1-small":1138},{"maxHeight":997,"maxWidth":997,"ratio":999,"renditions":1139,"uriTemplate":1142},[1140],{"height":1008,"url":1141,"width":1008},"https://dm.apac.cms.aldi.cx/is/image/aldiprodapac/Drinks_CategoryThumbnails_600_600%3A1-1?wid=376&hei=376&fit=stretch&qlt=85",{"scaleHeight":1143,"scaleWidth":1144},"https://dm.apac.cms.aldi.cx/is/image/aldiprodapac/Drinks_CategoryThumbnails_600_600%3A1-1?hei={height}&fit=constrain","https://dm.apac.cms.aldi.cx/is/image/aldiprodapac/Drinks_CategoryThumbnails_600_600%3A1-1?wid={width}&fit=constrain",{"categoryId":1146,"featurePage":1147,"subCategories":1151,"thumbnailImage":1232},"1030000000",{":reference-type":984,"localPath":1148,"path":1149,"type":987,"url":1150},"/tools/clp/baby","/content/aldi/apac/au/web/main/en/tools/clp/baby","https://publish.prod.apac.cms.aldi.cx/content/aldi/apac/au/web/main/homepage/tools/clp/baby.content.v1.api/content.json",[1152,1171,1190,1213],{"categoryId":1153,"thumbnailImage":1154},"1111111236",{":reference-type":993,"altText":1155,"originals":1156,"variants":1163},"1002344-1_BABY-FOOD_600x600.png",[1157],{"height":997,"path":1158,"ratio":999,"uriTemplate":1159,"width":997},"/content/dam/aldi/apac/au/editorial/online-merch-2023/category-icons/subcateogry/010923/1002344-1_BABY-FOOD_600x600.png",{"cropCenter":1160,"scaleHeight":1161,"scaleWidth":1162},"https://dm.apac.cms.aldi.cx/is/image/aldiprodapac/1002344-1_BABY-FOOD_600x600-1?wid={width}&hei={height}&fit=crop&fmt=png-alpha","https://dm.apac.cms.aldi.cx/is/image/aldiprodapac/1002344-1_BABY-FOOD_600x600-1?hei={height}&fmt=png-alpha","https://dm.apac.cms.aldi.cx/is/image/aldiprodapac/1002344-1_BABY-FOOD_600x600-1?wid={width}&fmt=png-alpha",{"1-1-small":1164},{"maxHeight":997,"maxWidth":997,"ratio":999,"renditions":1165,"uriTemplate":1168},[1166],{"height":1008,"url":1167,"width":1008},"https://dm.apac.cms.aldi.cx/is/image/aldiprodapac/1002344-1_BABY-FOOD_600x600-1%3A1-1?wid=376&hei=376&fit=stretch&fmt=png-alpha",{"scaleHeight":1169,"scaleWidth":1170},"https://dm.apac.cms.aldi.cx/is/image/aldiprodapac/1002344-1_BABY-FOOD_600x600-1%3A1-1?hei={height}&fit=constrain&fmt=png-alpha","https://dm.apac.cms.aldi.cx/is/image/aldiprodapac/1002344-1_BABY-FOOD_600x600-1%3A1-1?wid={width}&fit=constrain&fmt=png-alpha",{"categoryId":1172,"thumbnailImage":1173},"1111111234",{":reference-type":993,"altText":1174,"originals":1175,"variants":1182},"BabyNappies2_CategoryThumbnails.jpg",[1176],{"height":1057,"path":1177,"ratio":999,"uriTemplate":1178,"width":1057},"/content/dam/aldi/apac/au/editorial/digitas-images-2025/placeholders/cat-thumbnails/BabyNappies2_CategoryThumbnails.jpg",{"cropCenter":1179,"scaleHeight":1180,"scaleWidth":1181},"https://dm.apac.cms.aldi.cx/is/image/aldiprodapac/BabyNappies2_CategoryThumbnails?wid={width}&hei={height}&fit=crop","https://dm.apac.cms.aldi.cx/is/image/aldiprodapac/BabyNappies2_CategoryThumbnails?hei={height}","https://dm.apac.cms.aldi.cx/is/image/aldiprodapac/BabyNappies2_CategoryThumbnails?wid={width}",{"1-1-small":1183},{"maxHeight":1057,"maxWidth":1057,"ratio":999,"renditions":1184,"uriTemplate":1187},[1185],{"height":1008,"url":1186,"width":1008},"https://dm.apac.cms.aldi.cx/is/image/aldiprodapac/BabyNappies2_CategoryThumbnails%3A1-1?wid=376&hei=376&fit=stretch&qlt=85",{"scaleHeight":1188,"scaleWidth":1189},"https://dm.apac.cms.aldi.cx/is/image/aldiprodapac/BabyNappies2_CategoryThumbnails%3A1-1?hei={height}&fit=constrain","https://dm.apac.cms.aldi.cx/is/image/aldiprodapac/BabyNappies2_CategoryThumbnails%3A1-1?wid={width}&fit=constrain",{"categoryId":1191,"thumbnailImage":1192},"1111111237",{":reference-type":993,"altText":1193,"originals":1194,"variants":1204},"light-grey.png",[1195],{"height":1196,"path":1197,"ratio":1198,"uriTemplate":1199,"width":1203},1762,"/content/dam/aldi/apac/au/editorial/digitas-images-2025/placeholders/homepage-images/light-grey.png",1.5017026106696936,{"cropCenter":1200,"scaleHeight":1201,"scaleWidth":1202},"https://dm.apac.cms.aldi.cx/is/image/aldiprodapac/light-grey?wid={width}&hei={height}&fit=crop&fmt=png-alpha","https://dm.apac.cms.aldi.cx/is/image/aldiprodapac/light-grey?hei={height}&fmt=png-alpha","https://dm.apac.cms.aldi.cx/is/image/aldiprodapac/light-grey?wid={width}&fmt=png-alpha",2646,{"1-1-small":1205},{"maxHeight":1196,"maxWidth":1206,"ratio":999,"renditions":1207,"uriTemplate":1210},1763,[1208],{"height":1008,"url":1209,"width":1008},"https://dm.apac.cms.aldi.cx/is/image/aldiprodapac/light-grey%3A1-1?wid=376&hei=376&fit=stretch&fmt=png-alpha",{"scaleHeight":1211,"scaleWidth":1212},"https://dm.apac.cms.aldi.cx/is/image/aldiprodapac/light-grey%3A1-1?hei={height}&fit=constrain&fmt=png-alpha","https://dm.apac.cms.aldi.cx/is/image/aldiprodapac/light-grey%3A1-1?wid={width}&fit=constrain&fmt=png-alpha",{"categoryId":1214,"thumbnailImage":1215},"1111111235",{":reference-type":993,"altText":1216,"originals":1217,"variants":1224},"1002344-1_FORMULA_600x600.png",[1218],{"height":997,"path":1219,"ratio":999,"uriTemplate":1220,"width":997},"/content/dam/aldi/apac/au/editorial/online-merch-2023/category-icons/subcateogry/baby/1002344-1_FORMULA_600x600.png",{"cropCenter":1221,"scaleHeight":1222,"scaleWidth":1223},"https://dm.apac.cms.aldi.cx/is/image/aldiprodapac/1002344-1_FORMULA_600x600?wid={width}&hei={height}&fit=crop&fmt=png-alpha","https://dm.apac.cms.aldi.cx/is/image/aldiprodapac/1002344-1_FORMULA_600x600?hei={height}&fmt=png-alpha","https://dm.apac.cms.aldi.cx/is/image/aldiprodapac/1002344-1_FORMULA_600x600?wid={width}&fmt=png-alpha",{"1-1-small":1225},{"maxHeight":997,"maxWidth":997,"ratio":999,"renditions":1226,"uriTemplate":1229},[1227],{"height":1008,"url":1228,"width":1008},"https://dm.apac.cms.aldi.cx/is/image/aldiprodapac/1002344-1_FORMULA_600x600%3A1-1?wid=376&hei=376&fit=stretch&fmt=png-alpha",{"scaleHeight":1230,"scaleWidth":1231},"https://dm.apac.cms.aldi.cx/is/image/aldiprodapac/1002344-1_FORMULA_600x600%3A1-1?hei={height}&fit=constrain&fmt=png-alpha","https://dm.apac.cms.aldi.cx/is/image/aldiprodapac/1002344-1_FORMULA_600x600%3A1-1?wid={width}&fit=constrain&fmt=png-alpha",{":reference-type":993,"altText":1233,"originals":1234,"variants":1241},"Baby_CategoryThumbnails_600_600.jpg",[1235],{"height":997,"path":1236,"ratio":999,"uriTemplate":1237,"width":997},"/content/dam/aldi/apac/au/editorial/digitas-images-2025/placeholders/cat-thumbnails/Baby_CategoryThumbnails_600_600.jpg",{"cropCenter":1238,"scaleHeight":1239,"scaleWidth":1240},"https://dm.apac.cms.aldi.cx/is/image/aldiprodapac/Baby_CategoryThumbnails_600_600?wid={width}&hei={height}&fit=crop","https://dm.apac.cms.aldi.cx/is/image/aldiprodapac/Baby_CategoryThumbnails_600_600?hei={height}","https://dm.apac.cms.aldi.cx/is/image/aldiprodapac/Baby_CategoryThumbnails_600_600?wid={width}",{"1-1-small":1242},{"maxHeight":997,"maxWidth":997,"ratio":999,"renditions":1243,"uriTemplate":1246},[1244],{"height":1008,"url":1245,"width":1008},"https://dm.apac.cms.aldi.cx/is/image/aldiprodapac/Baby_CategoryThumbnails_600_600%3A1-1?wid=376&hei=376&fit=stretch&qlt=85",{"scaleHeight":1247,"scaleWidth":1248},"https://dm.apac.cms.aldi.cx/is/image/aldiprodapac/Baby_CategoryThumbnails_600_600%3A1-1?hei={height}&fit=constrain","https://dm.apac.cms.aldi.cx/is/image/aldiprodapac/Baby_CategoryThumbnails_600_600%3A1-1?wid={width}&fit=constrain",{"categoryId":1250,"featurePage":1251,"subCategories":1255,"thumbnailImage":1370},"940000000",{":reference-type":984,"localPath":1252,"path":1253,"type":987,"url":1254},"/tools/clp/meat-seafood","/content/aldi/apac/au/web/main/en/tools/clp/meat-seafood","https://publish.prod.apac.cms.aldi.cx/content/aldi/apac/au/web/main/homepage/tools/clp/meat-seafood.content.v1.api/content.json",[1256,1275,1294,1313,1332,1351],{"categoryId":1257,"thumbnailImage":1258},"1111111144",{":reference-type":993,"altText":1259,"originals":1260,"variants":1267},"1002344-1_BEEF_600x600.png",[1261],{"height":997,"path":1262,"ratio":999,"uriTemplate":1263,"width":997},"/content/dam/aldi/apac/au/editorial/online-merch-2023/category-icons/subcateogry/meat---seafood/1002344-1_BEEF_600x600.png",{"cropCenter":1264,"scaleHeight":1265,"scaleWidth":1266},"https://dm.apac.cms.aldi.cx/is/image/aldiprodapac/1002344-1_BEEF_600x600?wid={width}&hei={height}&fit=crop&fmt=png-alpha","https://dm.apac.cms.aldi.cx/is/image/aldiprodapac/1002344-1_BEEF_600x600?hei={height}&fmt=png-alpha","https://dm.apac.cms.aldi.cx/is/image/aldiprodapac/1002344-1_BEEF_600x600?wid={width}&fmt=png-alpha",{"1-1-small":1268},{"maxHeight":997,"maxWidth":997,"ratio":999,"renditions":1269,"uriTemplate":1272},[1270],{"height":1008,"url":1271,"width":1008},"https://dm.apac.cms.aldi.cx/is/image/aldiprodapac/1002344-1_BEEF_600x600%3A1-1?wid=376&hei=376&fit=stretch&fmt=png-alpha",{"scaleHeight":1273,"scaleWidth":1274},"https://dm.apac.cms.aldi.cx/is/image/aldiprodapac/1002344-1_BEEF_600x600%3A1-1?hei={height}&fit=constrain&fmt=png-alpha","https://dm.apac.cms.aldi.cx/is/image/aldiprodapac/1002344-1_BEEF_600x600%3A1-1?wid={width}&fit=constrain&fmt=png-alpha",{"categoryId":1276,"thumbnailImage":1277},"1111111145",{":reference-type":993,"altText":1278,"originals":1279,"variants":1286},"1002344-1_PORK_600x600.png",[1280],{"height":997,"path":1281,"ratio":999,"uriTemplate":1282,"width":997},"/content/dam/aldi/apac/au/editorial/online-merch-2023/category-icons/subcateogry/meat---seafood/1002344-1_PORK_600x600.png",{"cropCenter":1283,"scaleHeight":1284,"scaleWidth":1285},"https://dm.apac.cms.aldi.cx/is/image/aldiprodapac/1002344-1_PORK_600x600?wid={width}&hei={height}&fit=crop&fmt=png-alpha","https://dm.apac.cms.aldi.cx/is/image/aldiprodapac/1002344-1_PORK_600x600?hei={height}&fmt=png-alpha","https://dm.apac.cms.aldi.cx/is/image/aldiprodapac/1002344-1_PORK_600x600?wid={width}&fmt=png-alpha",{"1-1-small":1287},{"maxHeight":997,"maxWidth":997,"ratio":999,"renditions":1288,"uriTemplate":1291},[1289],{"height":1008,"url":1290,"width":1008},"https://dm.apac.cms.aldi.cx/is/image/aldiprodapac/1002344-1_PORK_600x600%3A1-1?wid=376&hei=376&fit=stretch&fmt=png-alpha",{"scaleHeight":1292,"scaleWidth":1293},"https://dm.apac.cms.aldi.cx/is/image/aldiprodapac/1002344-1_PORK_600x600%3A1-1?hei={height}&fit=constrain&fmt=png-alpha","https://dm.apac.cms.aldi.cx/is/image/aldiprodapac/1002344-1_PORK_600x600%3A1-1?wid={width}&fit=constrain&fmt=png-alpha",{"categoryId":1295,"thumbnailImage":1296},"1111111146",{":reference-type":993,"altText":1297,"originals":1298,"variants":1305},"1002344-1_POULTRY_600x600.png",[1299],{"height":997,"path":1300,"ratio":999,"uriTemplate":1301,"width":997},"/content/dam/aldi/apac/au/editorial/online-merch-2023/category-icons/subcateogry/meat---seafood/1002344-1_POULTRY_600x600.png",{"cropCenter":1302,"scaleHeight":1303,"scaleWidth":1304},"https://dm.apac.cms.aldi.cx/is/image/aldiprodapac/1002344-1_POULTRY_600x600?wid={width}&hei={height}&fit=crop&fmt=png-alpha","https://dm.apac.cms.aldi.cx/is/image/aldiprodapac/1002344-1_POULTRY_600x600?hei={height}&fmt=png-alpha","https://dm.apac.cms.aldi.cx/is/image/aldiprodapac/1002344-1_POULTRY_600x600?wid={width}&fmt=png-alpha",{"1-1-small":1306},{"maxHeight":997,"maxWidth":997,"ratio":999,"renditions":1307,"uriTemplate":1310},[1308],{"height":1008,"url":1309,"width":1008},"https://dm.apac.cms.aldi.cx/is/image/aldiprodapac/1002344-1_POULTRY_600x600%3A1-1?wid=376&hei=376&fit=stretch&fmt=png-alpha",{"scaleHeight":1311,"scaleWidth":1312},"https://dm.apac.cms.aldi.cx/is/image/aldiprodapac/1002344-1_POULTRY_600x600%3A1-1?hei={height}&fit=constrain&fmt=png-alpha","https://dm.apac.cms.aldi.cx/is/image/aldiprodapac/1002344-1_POULTRY_600x600%3A1-1?wid={width}&fit=constrain&fmt=png-alpha",{"categoryId":1314,"thumbnailImage":1315},"1111111147",{":reference-type":993,"altText":1316,"originals":1317,"variants":1324},"1002344-1_SAUSAGE_600x600.png",[1318],{"height":997,"path":1319,"ratio":999,"uriTemplate":1320,"width":997},"/content/dam/aldi/apac/au/editorial/online-merch-2023/category-icons/subcateogry/meat---seafood/1002344-1_SAUSAGE_600x600.png",{"cropCenter":1321,"scaleHeight":1322,"scaleWidth":1323},"https://dm.apac.cms.aldi.cx/is/image/aldiprodapac/1002344-1_SAUSAGE_600x600?wid={width}&hei={height}&fit=crop&fmt=png-alpha","https://dm.apac.cms.aldi.cx/is/image/aldiprodapac/1002344-1_SAUSAGE_600x600?hei={height}&fmt=png-alpha","https://dm.apac.cms.aldi.cx/is/image/aldiprodapac/1002344-1_SAUSAGE_600x600?wid={width}&fmt=png-alpha",{"1-1-small":1325},{"maxHeight":997,"maxWidth":997,"ratio":999,"renditions":1326,"uriTemplate":1329},[1327],{"height":1008,"url":1328,"width":1008},"https://dm.apac.cms.aldi.cx/is/image/aldiprodapac/1002344-1_SAUSAGE_600x600%3A1-1?wid=376&hei=376&fit=stretch&fmt=png-alpha",{"scaleHeight":1330,"scaleWidth":1331},"https://dm.apac.cms.aldi.cx/is/image/aldiprodapac/1002344-1_SAUSAGE_600x600%3A1-1?hei={height}&fit=constrain&fmt=png-alpha","https://dm.apac.cms.aldi.cx/is/image/aldiprodapac/1002344-1_SAUSAGE_600x600%3A1-1?wid={width}&fit=constrain&fmt=png-alpha",{"categoryId":1333,"thumbnailImage":1334},"1111111148",{":reference-type":993,"altText":1335,"originals":1336,"variants":1343},"1002344-1_SEAFOOD_600x600.png",[1337],{"height":997,"path":1338,"ratio":999,"uriTemplate":1339,"width":997},"/content/dam/aldi/apac/au/editorial/online-merch-2023/category-icons/subcateogry/meat---seafood/1002344-1_SEAFOOD_600x600.png",{"cropCenter":1340,"scaleHeight":1341,"scaleWidth":1342},"https://dm.apac.cms.aldi.cx/is/image/aldiprodapac/1002344-1_SEAFOOD_600x600?wid={width}&hei={height}&fit=crop&fmt=png-alpha","https://dm.apac.cms.aldi.cx/is/image/aldiprodapac/1002344-1_SEAFOOD_600x600?hei={height}&fmt=png-alpha","https://dm.apac.cms.aldi.cx/is/image/aldiprodapac/1002344-1_SEAFOOD_600x600?wid={width}&fmt=png-alpha",{"1-1-small":1344},{"maxHeight":997,"maxWidth":997,"ratio":999,"renditions":1345,"uriTemplate":1348},[1346],{"height":1008,"url":1347,"width":1008},"https://dm.apac.cms.aldi.cx/is/image/aldiprodapac/1002344-1_SEAFOOD_600x600%3A1-1?wid=376&hei=376&fit=stretch&fmt=png-alpha",{"scaleHeight":1349,"scaleWidth":1350},"https://dm.apac.cms.aldi.cx/is/image/aldiprodapac/1002344-1_SEAFOOD_600x600%3A1-1?hei={height}&fit=constrain&fmt=png-alpha","https://dm.apac.cms.aldi.cx/is/image/aldiprodapac/1002344-1_SEAFOOD_600x600%3A1-1?wid={width}&fit=constrain&fmt=png-alpha",{"categoryId":1352,"thumbnailImage":1353},"1111111149",{":reference-type":993,"altText":1354,"originals":1355,"variants":1362},"1002344-1_LAMB_600x600.png",[1356],{"height":997,"path":1357,"ratio":999,"uriTemplate":1358,"width":997},"/content/dam/aldi/apac/au/editorial/online-merch-2023/category-icons/subcateogry/meat---seafood/1002344-1_LAMB_600x600.png",{"cropCenter":1359,"scaleHeight":1360,"scaleWidth":1361},"https://dm.apac.cms.aldi.cx/is/image/aldiprodapac/1002344-1_LAMB_600x600?wid={width}&hei={height}&fit=crop&fmt=png-alpha","https://dm.apac.cms.aldi.cx/is/image/aldiprodapac/1002344-1_LAMB_600x600?hei={height}&fmt=png-alpha","https://dm.apac.cms.aldi.cx/is/image/aldiprodapac/1002344-1_LAMB_600x600?wid={width}&fmt=png-alpha",{"1-1-small":1363},{"maxHeight":997,"maxWidth":997,"ratio":999,"renditions":1364,"uriTemplate":1367},[1365],{"height":1008,"url":1366,"width":1008},"https://dm.apac.cms.aldi.cx/is/image/aldiprodapac/1002344-1_LAMB_600x600%3A1-1?wid=376&hei=376&fit=stretch&fmt=png-alpha",{"scaleHeight":1368,"scaleWidth":1369},"https://dm.apac.cms.aldi.cx/is/image/aldiprodapac/1002344-1_LAMB_600x600%3A1-1?hei={height}&fit=constrain&fmt=png-alpha","https://dm.apac.cms.aldi.cx/is/image/aldiprodapac/1002344-1_LAMB_600x600%3A1-1?wid={width}&fit=constrain&fmt=png-alpha",{":reference-type":993,"altText":1371,"originals":1372,"variants":1379},"MeatSeafood_CategoryThumbnails_600_600.jpg",[1373],{"height":997,"path":1374,"ratio":999,"uriTemplate":1375,"width":997},"/content/dam/aldi/apac/au/editorial/digitas-images-2025/placeholders/cat-thumbnails/MeatSeafood_CategoryThumbnails_600_600.jpg",{"cropCenter":1376,"scaleHeight":1377,"scaleWidth":1378},"https://dm.apac.cms.aldi.cx/is/image/aldiprodapac/MeatSeafood_CategoryThumbnails_600_600?wid={width}&hei={height}&fit=crop","https://dm.apac.cms.aldi.cx/is/image/aldiprodapac/MeatSeafood_CategoryThumbnails_600_600?hei={height}","https://dm.apac.cms.aldi.cx/is/image/aldiprodapac/MeatSeafood_CategoryThumbnails_600_600?wid={width}",{"1-1-small":1380},{"maxHeight":997,"maxWidth":997,"ratio":999,"renditions":1381,"uriTemplate":1384},[1382],{"height":1008,"url":1383,"width":1008},"https://dm.apac.cms.aldi.cx/is/image/aldiprodapac/MeatSeafood_CategoryThumbnails_600_600%3A1-1?wid=376&hei=376&fit=stretch&qlt=85",{"scaleHeight":1385,"scaleWidth":1386},"https://dm.apac.cms.aldi.cx/is/image/aldiprodapac/MeatSeafood_CategoryThumbnails_600_600%3A1-1?hei={height}&fit=constrain","https://dm.apac.cms.aldi.cx/is/image/aldiprodapac/MeatSeafood_CategoryThumbnails_600_600%3A1-1?wid={width}&fit=constrain",{"categoryId":1388,"featurePage":1389,"subCategories":1393,"thumbnailImage":1774},"970000000",{":reference-type":984,"localPath":1390,"path":1391,"type":987,"url":1392},"/tools/clp/pantry","/content/aldi/apac/au/web/main/en/tools/clp/pantry","https://publish.prod.apac.cms.aldi.cx/content/aldi/apac/au/web/main/homepage/tools/clp/pantry.content.v1.api/content.json",[1394,1413,1432,1451,1470,1489,1508,1527,1546,1565,1584,1603,1622,1641,1660,1679,1698,1717,1736,1755],{"categoryId":1395,"thumbnailImage":1396},"1111111170",{":reference-type":993,"altText":1397,"originals":1398,"variants":1405},"1002344-1_JAM-SPREADS_600x600.png",[1399],{"height":997,"path":1400,"ratio":999,"uriTemplate":1401,"width":997},"/content/dam/aldi/apac/au/editorial/online-merch-2023/category-icons/subcateogry/pantry/1002344-1_JAM-SPREADS_600x600.png",{"cropCenter":1402,"scaleHeight":1403,"scaleWidth":1404},"https://dm.apac.cms.aldi.cx/is/image/aldiprodapac/1002344-1_JAM-SPREADS_600x600?wid={width}&hei={height}&fit=crop&fmt=png-alpha","https://dm.apac.cms.aldi.cx/is/image/aldiprodapac/1002344-1_JAM-SPREADS_600x600?hei={height}&fmt=png-alpha","https://dm.apac.cms.aldi.cx/is/image/aldiprodapac/1002344-1_JAM-SPREADS_600x600?wid={width}&fmt=png-alpha",{"1-1-small":1406},{"maxHeight":997,"maxWidth":997,"ratio":999,"renditions":1407,"uriTemplate":1410},[1408],{"height":1008,"url":1409,"width":1008},"https://dm.apac.cms.aldi.cx/is/image/aldiprodapac/1002344-1_JAM-SPREADS_600x600%3A1-1?wid=376&hei=376&fit=stretch&fmt=png-alpha",{"scaleHeight":1411,"scaleWidth":1412},"https://dm.apac.cms.aldi.cx/is/image/aldiprodapac/1002344-1_JAM-SPREADS_600x600%3A1-1?hei={height}&fit=constrain&fmt=png-alpha","https://dm.apac.cms.aldi.cx/is/image/aldiprodapac/1002344-1_JAM-SPREADS_600x600%3A1-1?wid={width}&fit=constrain&fmt=png-alpha",{"categoryId":1414,"thumbnailImage":1415},"1111111171",{":reference-type":993,"altText":1416,"originals":1417,"variants":1424},"1002344-1_CANNED-FOOD_600x600.png",[1418],{"height":997,"path":1419,"ratio":999,"uriTemplate":1420,"width":997},"/content/dam/aldi/apac/au/editorial/online-merch-2023/category-icons/subcateogry/pantry/1002344-1_CANNED-FOOD_600x600.png",{"cropCenter":1421,"scaleHeight":1422,"scaleWidth":1423},"https://dm.apac.cms.aldi.cx/is/image/aldiprodapac/1002344-1_CANNED-FOOD_600x600?wid={width}&hei={height}&fit=crop&fmt=png-alpha","https://dm.apac.cms.aldi.cx/is/image/aldiprodapac/1002344-1_CANNED-FOOD_600x600?hei={height}&fmt=png-alpha","https://dm.apac.cms.aldi.cx/is/image/aldiprodapac/1002344-1_CANNED-FOOD_600x600?wid={width}&fmt=png-alpha",{"1-1-small":1425},{"maxHeight":997,"maxWidth":997,"ratio":999,"renditions":1426,"uriTemplate":1429},[1427],{"height":1008,"url":1428,"width":1008},"https://dm.apac.cms.aldi.cx/is/image/aldiprodapac/1002344-1_CANNED-FOOD_600x600%3A1-1?wid=376&hei=376&fit=stretch&fmt=png-alpha",{"scaleHeight":1430,"scaleWidth":1431},"https://dm.apac.cms.aldi.cx/is/image/aldiprodapac/1002344-1_CANNED-FOOD_600x600%3A1-1?hei={height}&fit=constrain&fmt=png-alpha","https://dm.apac.cms.aldi.cx/is/image/aldiprodapac/1002344-1_CANNED-FOOD_600x600%3A1-1?wid={width}&fit=constrain&fmt=png-alpha",{"categoryId":1433,"thumbnailImage":1434},"1111111172",{":reference-type":993,"altText":1435,"originals":1436,"variants":1443},"1002344-1_OILS-VINEGARS_600x600.png",[1437],{"height":997,"path":1438,"ratio":999,"uriTemplate":1439,"width":997},"/content/dam/aldi/apac/au/editorial/online-merch-2023/category-icons/subcateogry/010923/1002344-1_OILS-VINEGARS_600x600.png",{"cropCenter":1440,"scaleHeight":1441,"scaleWidth":1442},"https://dm.apac.cms.aldi.cx/is/image/aldiprodapac/1002344-1_OILS-VINEGARS_600x600-1?wid={width}&hei={height}&fit=crop&fmt=png-alpha","https://dm.apac.cms.aldi.cx/is/image/aldiprodapac/1002344-1_OILS-VINEGARS_600x600-1?hei={height}&fmt=png-alpha","https://dm.apac.cms.aldi.cx/is/image/aldiprodapac/1002344-1_OILS-VINEGARS_600x600-1?wid={width}&fmt=png-alpha",{"1-1-small":1444},{"maxHeight":997,"maxWidth":997,"ratio":999,"renditions":1445,"uriTemplate":1448},[1446],{"height":1008,"url":1447,"width":1008},"https://dm.apac.cms.aldi.cx/is/image/aldiprodapac/1002344-1_OILS-VINEGARS_600x600-1%3A1-1?wid=376&hei=376&fit=stretch&fmt=png-alpha",{"scaleHeight":1449,"scaleWidth":1450},"https://dm.apac.cms.aldi.cx/is/image/aldiprodapac/1002344-1_OILS-VINEGARS_600x600-1%3A1-1?hei={height}&fit=constrain&fmt=png-alpha","https://dm.apac.cms.aldi.cx/is/image/aldiprodapac/1002344-1_OILS-VINEGARS_600x600-1%3A1-1?wid={width}&fit=constrain&fmt=png-alpha",{"categoryId":1452,"thumbnailImage":1453},"1111111173",{":reference-type":993,"altText":1454,"originals":1455,"variants":1462},"1002344-1_SAUCES_600x600.png",[1456],{"height":997,"path":1457,"ratio":999,"uriTemplate":1458,"width":997},"/content/dam/aldi/apac/au/editorial/online-merch-2023/category-icons/subcateogry/pantry/1002344-1_SAUCES_600x600.png",{"cropCenter":1459,"scaleHeight":1460,"scaleWidth":1461},"https://dm.apac.cms.aldi.cx/is/image/aldiprodapac/1002344-1_SAUCES_600x600?wid={width}&hei={height}&fit=crop&fmt=png-alpha","https://dm.apac.cms.aldi.cx/is/image/aldiprodapac/1002344-1_SAUCES_600x600?hei={height}&fmt=png-alpha","https://dm.apac.cms.aldi.cx/is/image/aldiprodapac/1002344-1_SAUCES_600x600?wid={width}&fmt=png-alpha",{"1-1-small":1463},{"maxHeight":997,"maxWidth":997,"ratio":999,"renditions":1464,"uriTemplate":1467},[1465],{"height":1008,"url":1466,"width":1008},"https://dm.apac.cms.aldi.cx/is/image/aldiprodapac/1002344-1_SAUCES_600x600%3A1-1?wid=376&hei=376&fit=stretch&fmt=png-alpha",{"scaleHeight":1468,"scaleWidth":1469},"https://dm.apac.cms.aldi.cx/is/image/aldiprodapac/1002344-1_SAUCES_600x600%3A1-1?hei={height}&fit=constrain&fmt=png-alpha","https://dm.apac.cms.aldi.cx/is/image/aldiprodapac/1002344-1_SAUCES_600x600%3A1-1?wid={width}&fit=constrain&fmt=png-alpha",{"categoryId":1471,"thumbnailImage":1472},"1111111174",{":reference-type":993,"altText":1473,"originals":1474,"variants":1481},"1002344-1_HERBS-SPICES_600x600.png",[1475],{"height":997,"path":1476,"ratio":999,"uriTemplate":1477,"width":997},"/content/dam/aldi/apac/au/editorial/online-merch-2023/category-icons/subcateogry/pantry/1002344-1_HERBS-SPICES_600x600.png",{"cropCenter":1478,"scaleHeight":1479,"scaleWidth":1480},"https://dm.apac.cms.aldi.cx/is/image/aldiprodapac/1002344-1_HERBS-SPICES_600x600?wid={width}&hei={height}&fit=crop&fmt=png-alpha","https://dm.apac.cms.aldi.cx/is/image/aldiprodapac/1002344-1_HERBS-SPICES_600x600?hei={height}&fmt=png-alpha","https://dm.apac.cms.aldi.cx/is/image/aldiprodapac/1002344-1_HERBS-SPICES_600x600?wid={width}&fmt=png-alpha",{"1-1-small":1482},{"maxHeight":997,"maxWidth":997,"ratio":999,"renditions":1483,"uriTemplate":1486},[1484],{"height":1008,"url":1485,"width":1008},"https://dm.apac.cms.aldi.cx/is/image/aldiprodapac/1002344-1_HERBS-SPICES_600x600%3A1-1?wid=376&hei=376&fit=stretch&fmt=png-alpha",{"scaleHeight":1487,"scaleWidth":1488},"https://dm.apac.cms.aldi.cx/is/image/aldiprodapac/1002344-1_HERBS-SPICES_600x600%3A1-1?hei={height}&fit=constrain&fmt=png-alpha","https://dm.apac.cms.aldi.cx/is/image/aldiprodapac/1002344-1_HERBS-SPICES_600x600%3A1-1?wid={width}&fit=constrain&fmt=png-alpha",{"categoryId":1490,"thumbnailImage":1491},"1111111175",{":reference-type":993,"altText":1492,"originals":1493,"variants":1500},"1002344-1_TEA-COFFEE-HOT-CHOC_600x600.png",[1494],{"height":997,"path":1495,"ratio":999,"uriTemplate":1496,"width":997},"/content/dam/aldi/apac/au/editorial/online-merch-2023/category-icons/subcateogry/pantry/1002344-1_TEA-COFFEE-HOT-CHOC_600x600.png",{"cropCenter":1497,"scaleHeight":1498,"scaleWidth":1499},"https://dm.apac.cms.aldi.cx/is/image/aldiprodapac/1002344-1_TEA-COFFEE-HOT-CHOC_600x600?wid={width}&hei={height}&fit=crop&fmt=png-alpha","https://dm.apac.cms.aldi.cx/is/image/aldiprodapac/1002344-1_TEA-COFFEE-HOT-CHOC_600x600?hei={height}&fmt=png-alpha","https://dm.apac.cms.aldi.cx/is/image/aldiprodapac/1002344-1_TEA-COFFEE-HOT-CHOC_600x600?wid={width}&fmt=png-alpha",{"1-1-small":1501},{"maxHeight":997,"maxWidth":997,"ratio":999,"renditions":1502,"uriTemplate":1505},[1503],{"height":1008,"url":1504,"width":1008},"https://dm.apac.cms.aldi.cx/is/image/aldiprodapac/1002344-1_TEA-COFFEE-HOT-CHOC_600x600%3A1-1?wid=376&hei=376&fit=stretch&fmt=png-alpha",{"scaleHeight":1506,"scaleWidth":1507},"https://dm.apac.cms.aldi.cx/is/image/aldiprodapac/1002344-1_TEA-COFFEE-HOT-CHOC_600x600%3A1-1?hei={height}&fit=constrain&fmt=png-alpha","https://dm.apac.cms.aldi.cx/is/image/aldiprodapac/1002344-1_TEA-COFFEE-HOT-CHOC_600x600%3A1-1?wid={width}&fit=constrain&fmt=png-alpha",{"categoryId":1509,"thumbnailImage":1510},"1111111176",{":reference-type":993,"altText":1511,"originals":1512,"variants":1519},"1002344-1_STOCKS-GRAVY_600x600.png",[1513],{"height":997,"path":1514,"ratio":999,"uriTemplate":1515,"width":997},"/content/dam/aldi/apac/au/editorial/online-merch-2023/category-icons/subcateogry/pantry/1002344-1_STOCKS-GRAVY_600x600.png",{"cropCenter":1516,"scaleHeight":1517,"scaleWidth":1518},"https://dm.apac.cms.aldi.cx/is/image/aldiprodapac/1002344-1_STOCKS-GRAVY_600x600?wid={width}&hei={height}&fit=crop&fmt=png-alpha","https://dm.apac.cms.aldi.cx/is/image/aldiprodapac/1002344-1_STOCKS-GRAVY_600x600?hei={height}&fmt=png-alpha","https://dm.apac.cms.aldi.cx/is/image/aldiprodapac/1002344-1_STOCKS-GRAVY_600x600?wid={width}&fmt=png-alpha",{"1-1-small":1520},{"maxHeight":997,"maxWidth":997,"ratio":999,"renditions":1521,"uriTemplate":1524},[1522],{"height":1008,"url":1523,"width":1008},"https://dm.apac.cms.aldi.cx/is/image/aldiprodapac/1002344-1_STOCKS-GRAVY_600x600%3A1-1?wid=376&hei=376&fit=stretch&fmt=png-alpha",{"scaleHeight":1525,"scaleWidth":1526},"https://dm.apac.cms.aldi.cx/is/image/aldiprodapac/1002344-1_STOCKS-GRAVY_600x600%3A1-1?hei={height}&fit=constrain&fmt=png-alpha","https://dm.apac.cms.aldi.cx/is/image/aldiprodapac/1002344-1_STOCKS-GRAVY_600x600%3A1-1?wid={width}&fit=constrain&fmt=png-alpha",{"categoryId":1528,"thumbnailImage":1529},"1111111178",{":reference-type":993,"altText":1530,"originals":1531,"variants":1538},"1002344-1_CONDIMENTS-DRESSINGS_600x600.png",[1532],{"height":997,"path":1533,"ratio":999,"uriTemplate":1534,"width":997},"/content/dam/aldi/apac/au/editorial/online-merch-2023/category-icons/subcateogry/pantry/1002344-1_CONDIMENTS-DRESSINGS_600x600.png",{"cropCenter":1535,"scaleHeight":1536,"scaleWidth":1537},"https://dm.apac.cms.aldi.cx/is/image/aldiprodapac/1002344-1_CONDIMENTS-DRESSINGS_600x600?wid={width}&hei={height}&fit=crop&fmt=png-alpha","https://dm.apac.cms.aldi.cx/is/image/aldiprodapac/1002344-1_CONDIMENTS-DRESSINGS_600x600?hei={height}&fmt=png-alpha","https://dm.apac.cms.aldi.cx/is/image/aldiprodapac/1002344-1_CONDIMENTS-DRESSINGS_600x600?wid={width}&fmt=png-alpha",{"1-1-small":1539},{"maxHeight":997,"maxWidth":997,"ratio":999,"renditions":1540,"uriTemplate":1543},[1541],{"height":1008,"url":1542,"width":1008},"https://dm.apac.cms.aldi.cx/is/image/aldiprodapac/1002344-1_CONDIMENTS-DRESSINGS_600x600%3A1-1?wid=376&hei=376&fit=stretch&fmt=png-alpha",{"scaleHeight":1544,"scaleWidth":1545},"https://dm.apac.cms.aldi.cx/is/image/aldiprodapac/1002344-1_CONDIMENTS-DRESSINGS_600x600%3A1-1?hei={height}&fit=constrain&fmt=png-alpha","https://dm.apac.cms.aldi.cx/is/image/aldiprodapac/1002344-1_CONDIMENTS-DRESSINGS_600x600%3A1-1?wid={width}&fit=constrain&fmt=png-alpha",{"categoryId":1547,"thumbnailImage":1548},"1111111179",{":reference-type":993,"altText":1549,"originals":1550,"variants":1557},"1002344-1_PASTA-RICE-GRAINS_600x600.png",[1551],{"height":997,"path":1552,"ratio":999,"uriTemplate":1553,"width":997},"/content/dam/aldi/apac/au/editorial/online-merch-2023/category-icons/subcateogry/pantry/1002344-1_PASTA-RICE-GRAINS_600x600.png",{"cropCenter":1554,"scaleHeight":1555,"scaleWidth":1556},"https://dm.apac.cms.aldi.cx/is/image/aldiprodapac/1002344-1_PASTA-RICE-GRAINS_600x600?wid={width}&hei={height}&fit=crop&fmt=png-alpha","https://dm.apac.cms.aldi.cx/is/image/aldiprodapac/1002344-1_PASTA-RICE-GRAINS_600x600?hei={height}&fmt=png-alpha","https://dm.apac.cms.aldi.cx/is/image/aldiprodapac/1002344-1_PASTA-RICE-GRAINS_600x600?wid={width}&fmt=png-alpha",{"1-1-small":1558},{"maxHeight":997,"maxWidth":997,"ratio":999,"renditions":1559,"uriTemplate":1562},[1560],{"height":1008,"url":1561,"width":1008},"https://dm.apac.cms.aldi.cx/is/image/aldiprodapac/1002344-1_PASTA-RICE-GRAINS_600x600%3A1-1?wid=376&hei=376&fit=stretch&fmt=png-alpha",{"scaleHeight":1563,"scaleWidth":1564},"https://dm.apac.cms.aldi.cx/is/image/aldiprodapac/1002344-1_PASTA-RICE-GRAINS_600x600%3A1-1?hei={height}&fit=constrain&fmt=png-alpha","https://dm.apac.cms.aldi.cx/is/image/aldiprodapac/1002344-1_PASTA-RICE-GRAINS_600x600%3A1-1?wid={width}&fit=constrain&fmt=png-alpha",{"categoryId":1566,"thumbnailImage":1567},"1111111180",{":reference-type":993,"altText":1568,"originals":1569,"variants":1576},"1002344-1_CEREALS-MUESLI_600x600.png",[1570],{"height":997,"path":1571,"ratio":999,"uriTemplate":1572,"width":997},"/content/dam/aldi/apac/au/editorial/online-merch-2023/category-icons/subcateogry/pantry/1002344-1_CEREALS-MUESLI_600x600.png",{"cropCenter":1573,"scaleHeight":1574,"scaleWidth":1575},"https://dm.apac.cms.aldi.cx/is/image/aldiprodapac/1002344-1_CEREALS-MUESLI_600x600?wid={width}&hei={height}&fit=crop&fmt=png-alpha","https://dm.apac.cms.aldi.cx/is/image/aldiprodapac/1002344-1_CEREALS-MUESLI_600x600?hei={height}&fmt=png-alpha","https://dm.apac.cms.aldi.cx/is/image/aldiprodapac/1002344-1_CEREALS-MUESLI_600x600?wid={width}&fmt=png-alpha",{"1-1-small":1577},{"maxHeight":997,"maxWidth":997,"ratio":999,"renditions":1578,"uriTemplate":1581},[1579],{"height":1008,"url":1580,"width":1008},"https://dm.apac.cms.aldi.cx/is/image/aldiprodapac/1002344-1_CEREALS-MUESLI_600x600%3A1-1?wid=376&hei=376&fit=stretch&fmt=png-alpha",{"scaleHeight":1582,"scaleWidth":1583},"https://dm.apac.cms.aldi.cx/is/image/aldiprodapac/1002344-1_CEREALS-MUESLI_600x600%3A1-1?hei={height}&fit=constrain&fmt=png-alpha","https://dm.apac.cms.aldi.cx/is/image/aldiprodapac/1002344-1_CEREALS-MUESLI_600x600%3A1-1?wid={width}&fit=constrain&fmt=png-alpha",{"categoryId":1585,"thumbnailImage":1586},"1111111182",{":reference-type":993,"altText":1587,"originals":1588,"variants":1595},"1002344-1_CRACKERS-CRISP-BREADS_600x600.png",[1589],{"height":997,"path":1590,"ratio":999,"uriTemplate":1591,"width":997},"/content/dam/aldi/apac/au/editorial/online-merch-2023/category-icons/subcateogry/pantry/1002344-1_CRACKERS-CRISP-BREADS_600x600.png",{"cropCenter":1592,"scaleHeight":1593,"scaleWidth":1594},"https://dm.apac.cms.aldi.cx/is/image/aldiprodapac/1002344-1_CRACKERS-CRISP-BREADS_600x600?wid={width}&hei={height}&fit=crop&fmt=png-alpha","https://dm.apac.cms.aldi.cx/is/image/aldiprodapac/1002344-1_CRACKERS-CRISP-BREADS_600x600?hei={height}&fmt=png-alpha","https://dm.apac.cms.aldi.cx/is/image/aldiprodapac/1002344-1_CRACKERS-CRISP-BREADS_600x600?wid={width}&fmt=png-alpha",{"1-1-small":1596},{"maxHeight":997,"maxWidth":997,"ratio":999,"renditions":1597,"uriTemplate":1600},[1598],{"height":1008,"url":1599,"width":1008},"https://dm.apac.cms.aldi.cx/is/image/aldiprodapac/1002344-1_CRACKERS-CRISP-BREADS_600x600%3A1-1?wid=376&hei=376&fit=stretch&fmt=png-alpha",{"scaleHeight":1601,"scaleWidth":1602},"https://dm.apac.cms.aldi.cx/is/image/aldiprodapac/1002344-1_CRACKERS-CRISP-BREADS_600x600%3A1-1?hei={height}&fit=constrain&fmt=png-alpha","https://dm.apac.cms.aldi.cx/is/image/aldiprodapac/1002344-1_CRACKERS-CRISP-BREADS_600x600%3A1-1?wid={width}&fit=constrain&fmt=png-alpha",{"categoryId":1604,"thumbnailImage":1605},"1111111185",{":reference-type":993,"altText":1606,"originals":1607,"variants":1614},"1002344-1_PANTRY-LUNCHBOX_600x600.png",[1608],{"height":997,"path":1609,"ratio":999,"uriTemplate":1610,"width":997},"/content/dam/aldi/apac/au/editorial/online-merch-2023/category-icons/subcateogry/pantry/1002344-1_PANTRY-LUNCHBOX_600x600.png",{"cropCenter":1611,"scaleHeight":1612,"scaleWidth":1613},"https://dm.apac.cms.aldi.cx/is/image/aldiprodapac/1002344-1_PANTRY-LUNCHBOX_600x600?wid={width}&hei={height}&fit=crop&fmt=png-alpha","https://dm.apac.cms.aldi.cx/is/image/aldiprodapac/1002344-1_PANTRY-LUNCHBOX_600x600?hei={height}&fmt=png-alpha","https://dm.apac.cms.aldi.cx/is/image/aldiprodapac/1002344-1_PANTRY-LUNCHBOX_600x600?wid={width}&fmt=png-alpha",{"1-1-small":1615},{"maxHeight":997,"maxWidth":997,"ratio":999,"renditions":1616,"uriTemplate":1619},[1617],{"height":1008,"url":1618,"width":1008},"https://dm.apac.cms.aldi.cx/is/image/aldiprodapac/1002344-1_PANTRY-LUNCHBOX_600x600%3A1-1?wid=376&hei=376&fit=stretch&fmt=png-alpha",{"scaleHeight":1620,"scaleWidth":1621},"https://dm.apac.cms.aldi.cx/is/image/aldiprodapac/1002344-1_PANTRY-LUNCHBOX_600x600%3A1-1?hei={height}&fit=constrain&fmt=png-alpha","https://dm.apac.cms.aldi.cx/is/image/aldiprodapac/1002344-1_PANTRY-LUNCHBOX_600x600%3A1-1?wid={width}&fit=constrain&fmt=png-alpha",{"categoryId":1623,"thumbnailImage":1624},"1111111187",{":reference-type":993,"altText":1625,"originals":1626,"variants":1633},"1002344-1_HEALTHY-FOODS_600x600.png",[1627],{"height":997,"path":1628,"ratio":999,"uriTemplate":1629,"width":997},"/content/dam/aldi/apac/au/editorial/online-merch-2023/category-icons/subcateogry/pantry/1002344-1_HEALTHY-FOODS_600x600.png",{"cropCenter":1630,"scaleHeight":1631,"scaleWidth":1632},"https://dm.apac.cms.aldi.cx/is/image/aldiprodapac/1002344-1_HEALTHY-FOODS_600x600?wid={width}&hei={height}&fit=crop&fmt=png-alpha","https://dm.apac.cms.aldi.cx/is/image/aldiprodapac/1002344-1_HEALTHY-FOODS_600x600?hei={height}&fmt=png-alpha","https://dm.apac.cms.aldi.cx/is/image/aldiprodapac/1002344-1_HEALTHY-FOODS_600x600?wid={width}&fmt=png-alpha",{"1-1-small":1634},{"maxHeight":997,"maxWidth":997,"ratio":999,"renditions":1635,"uriTemplate":1638},[1636],{"height":1008,"url":1637,"width":1008},"https://dm.apac.cms.aldi.cx/is/image/aldiprodapac/1002344-1_HEALTHY-FOODS_600x600%3A1-1?wid=376&hei=376&fit=stretch&fmt=png-alpha",{"scaleHeight":1639,"scaleWidth":1640},"https://dm.apac.cms.aldi.cx/is/image/aldiprodapac/1002344-1_HEALTHY-FOODS_600x600%3A1-1?hei={height}&fit=constrain&fmt=png-alpha","https://dm.apac.cms.aldi.cx/is/image/aldiprodapac/1002344-1_HEALTHY-FOODS_600x600%3A1-1?wid={width}&fit=constrain&fmt=png-alpha",{"categoryId":1642,"thumbnailImage":1643},"1111111188",{":reference-type":993,"altText":1644,"originals":1645,"variants":1652},"1002344-1_SOUPS-NOODLES_600x600.png",[1646],{"height":997,"path":1647,"ratio":999,"uriTemplate":1648,"width":997},"/content/dam/aldi/apac/au/editorial/online-merch-2023/category-icons/subcateogry/pantry/1002344-1_SOUPS-NOODLES_600x600.png",{"cropCenter":1649,"scaleHeight":1650,"scaleWidth":1651},"https://dm.apac.cms.aldi.cx/is/image/aldiprodapac/1002344-1_SOUPS-NOODLES_600x600?wid={width}&hei={height}&fit=crop&fmt=png-alpha","https://dm.apac.cms.aldi.cx/is/image/aldiprodapac/1002344-1_SOUPS-NOODLES_600x600?hei={height}&fmt=png-alpha","https://dm.apac.cms.aldi.cx/is/image/aldiprodapac/1002344-1_SOUPS-NOODLES_600x600?wid={width}&fmt=png-alpha",{"1-1-small":1653},{"maxHeight":997,"maxWidth":997,"ratio":999,"renditions":1654,"uriTemplate":1657},[1655],{"height":1008,"url":1656,"width":1008},"https://dm.apac.cms.aldi.cx/is/image/aldiprodapac/1002344-1_SOUPS-NOODLES_600x600%3A1-1?wid=376&hei=376&fit=stretch&fmt=png-alpha",{"scaleHeight":1658,"scaleWidth":1659},"https://dm.apac.cms.aldi.cx/is/image/aldiprodapac/1002344-1_SOUPS-NOODLES_600x600%3A1-1?hei={height}&fit=constrain&fmt=png-alpha","https://dm.apac.cms.aldi.cx/is/image/aldiprodapac/1002344-1_SOUPS-NOODLES_600x600%3A1-1?wid={width}&fit=constrain&fmt=png-alpha",{"categoryId":1661,"thumbnailImage":1662},"1588161407775080",{":reference-type":993,"altText":1663,"originals":1664,"variants":1671},"1002344-1_BAKING_600x600.png",[1665],{"height":997,"path":1666,"ratio":999,"uriTemplate":1667,"width":997},"/content/dam/aldi/apac/au/editorial/online-merch-2023/category-icons/subcateogry/pantry/1002344-1_BAKING_600x600.png",{"cropCenter":1668,"scaleHeight":1669,"scaleWidth":1670},"https://dm.apac.cms.aldi.cx/is/image/aldiprodapac/1002344-1_BAKING_600x600?wid={width}&hei={height}&fit=crop&fmt=png-alpha","https://dm.apac.cms.aldi.cx/is/image/aldiprodapac/1002344-1_BAKING_600x600?hei={height}&fmt=png-alpha","https://dm.apac.cms.aldi.cx/is/image/aldiprodapac/1002344-1_BAKING_600x600?wid={width}&fmt=png-alpha",{"1-1-small":1672},{"maxHeight":997,"maxWidth":997,"ratio":999,"renditions":1673,"uriTemplate":1676},[1674],{"height":1008,"url":1675,"width":1008},"https://dm.apac.cms.aldi.cx/is/image/aldiprodapac/1002344-1_BAKING_600x600%3A1-1?wid=376&hei=376&fit=stretch&fmt=png-alpha",{"scaleHeight":1677,"scaleWidth":1678},"https://dm.apac.cms.aldi.cx/is/image/aldiprodapac/1002344-1_BAKING_600x600%3A1-1?hei={height}&fit=constrain&fmt=png-alpha","https://dm.apac.cms.aldi.cx/is/image/aldiprodapac/1002344-1_BAKING_600x600%3A1-1?wid={width}&fit=constrain&fmt=png-alpha",{"categoryId":1680,"thumbnailImage":1681},"1111111184",{":reference-type":993,"altText":1682,"originals":1683,"variants":1690},"1002344-1_BISCUIT-COOKIES_600x600.png",[1684],{"height":997,"path":1685,"ratio":999,"uriTemplate":1686,"width":997},"/content/dam/aldi/apac/au/editorial/online-merch-2023/category-icons/subcateogry/pantry/1002344-1_BISCUIT-COOKIES_600x600.png",{"cropCenter":1687,"scaleHeight":1688,"scaleWidth":1689},"https://dm.apac.cms.aldi.cx/is/image/aldiprodapac/1002344-1_BISCUIT-COOKIES_600x600?wid={width}&hei={height}&fit=crop&fmt=png-alpha","https://dm.apac.cms.aldi.cx/is/image/aldiprodapac/1002344-1_BISCUIT-COOKIES_600x600?hei={height}&fmt=png-alpha","https://dm.apac.cms.aldi.cx/is/image/aldiprodapac/1002344-1_BISCUIT-COOKIES_600x600?wid={width}&fmt=png-alpha",{"1-1-small":1691},{"maxHeight":997,"maxWidth":997,"ratio":999,"renditions":1692,"uriTemplate":1695},[1693],{"height":1008,"url":1694,"width":1008},"https://dm.apac.cms.aldi.cx/is/image/aldiprodapac/1002344-1_BISCUIT-COOKIES_600x600%3A1-1?wid=376&hei=376&fit=stretch&fmt=png-alpha",{"scaleHeight":1696,"scaleWidth":1697},"https://dm.apac.cms.aldi.cx/is/image/aldiprodapac/1002344-1_BISCUIT-COOKIES_600x600%3A1-1?hei={height}&fit=constrain&fmt=png-alpha","https://dm.apac.cms.aldi.cx/is/image/aldiprodapac/1002344-1_BISCUIT-COOKIES_600x600%3A1-1?wid={width}&fit=constrain&fmt=png-alpha",{"categoryId":1699,"thumbnailImage":1700},"1111111181",{":reference-type":993,"altText":1701,"originals":1702,"variants":1709},"1002344-1_CONFECTIONERY_600x600.png",[1703],{"height":997,"path":1704,"ratio":999,"uriTemplate":1705,"width":997},"/content/dam/aldi/apac/au/editorial/online-merch-2023/category-icons/subcateogry/pantry/1002344-1_CONFECTIONERY_600x600.png",{"cropCenter":1706,"scaleHeight":1707,"scaleWidth":1708},"https://dm.apac.cms.aldi.cx/is/image/aldiprodapac/1002344-1_CONFECTIONERY_600x600?wid={width}&hei={height}&fit=crop&fmt=png-alpha","https://dm.apac.cms.aldi.cx/is/image/aldiprodapac/1002344-1_CONFECTIONERY_600x600?hei={height}&fmt=png-alpha","https://dm.apac.cms.aldi.cx/is/image/aldiprodapac/1002344-1_CONFECTIONERY_600x600?wid={width}&fmt=png-alpha",{"1-1-small":1710},{"maxHeight":997,"maxWidth":997,"ratio":999,"renditions":1711,"uriTemplate":1714},[1712],{"height":1008,"url":1713,"width":1008},"https://dm.apac.cms.aldi.cx/is/image/aldiprodapac/1002344-1_CONFECTIONERY_600x600%3A1-1?wid=376&hei=376&fit=stretch&fmt=png-alpha",{"scaleHeight":1715,"scaleWidth":1716},"https://dm.apac.cms.aldi.cx/is/image/aldiprodapac/1002344-1_CONFECTIONERY_600x600%3A1-1?hei={height}&fit=constrain&fmt=png-alpha","https://dm.apac.cms.aldi.cx/is/image/aldiprodapac/1002344-1_CONFECTIONERY_600x600%3A1-1?wid={width}&fit=constrain&fmt=png-alpha",{"categoryId":1718,"thumbnailImage":1719},"1111111183",{":reference-type":993,"altText":1720,"originals":1721,"variants":1728},"1002344-1_CHIPS-CORN-CHIPS-OTHER_600x600.png",[1722],{"height":997,"path":1723,"ratio":999,"uriTemplate":1724,"width":997},"/content/dam/aldi/apac/au/editorial/online-merch-2023/category-icons/subcateogry/pantry/1002344-1_CHIPS-CORN-CHIPS-OTHER_600x600.png",{"cropCenter":1725,"scaleHeight":1726,"scaleWidth":1727},"https://dm.apac.cms.aldi.cx/is/image/aldiprodapac/1002344-1_CHIPS-CORN-CHIPS-OTHER_600x600?wid={width}&hei={height}&fit=crop&fmt=png-alpha","https://dm.apac.cms.aldi.cx/is/image/aldiprodapac/1002344-1_CHIPS-CORN-CHIPS-OTHER_600x600?hei={height}&fmt=png-alpha","https://dm.apac.cms.aldi.cx/is/image/aldiprodapac/1002344-1_CHIPS-CORN-CHIPS-OTHER_600x600?wid={width}&fmt=png-alpha",{"1-1-small":1729},{"maxHeight":997,"maxWidth":997,"ratio":999,"renditions":1730,"uriTemplate":1733},[1731],{"height":1008,"url":1732,"width":1008},"https://dm.apac.cms.aldi.cx/is/image/aldiprodapac/1002344-1_CHIPS-CORN-CHIPS-OTHER_600x600%3A1-1?wid=376&hei=376&fit=stretch&fmt=png-alpha",{"scaleHeight":1734,"scaleWidth":1735},"https://dm.apac.cms.aldi.cx/is/image/aldiprodapac/1002344-1_CHIPS-CORN-CHIPS-OTHER_600x600%3A1-1?hei={height}&fit=constrain&fmt=png-alpha","https://dm.apac.cms.aldi.cx/is/image/aldiprodapac/1002344-1_CHIPS-CORN-CHIPS-OTHER_600x600%3A1-1?wid={width}&fit=constrain&fmt=png-alpha",{"categoryId":1737,"thumbnailImage":1738},"1111111186",{":reference-type":993,"altText":1739,"originals":1740,"variants":1747},"1002344-1_DRIED-FRUITS-NUTS-JERKY_600x600.png",[1741],{"height":997,"path":1742,"ratio":999,"uriTemplate":1743,"width":997},"/content/dam/aldi/apac/au/editorial/online-merch-2023/category-icons/subcateogry/pantry/1002344-1_DRIED-FRUITS-NUTS-JERKY_600x600.png",{"cropCenter":1744,"scaleHeight":1745,"scaleWidth":1746},"https://dm.apac.cms.aldi.cx/is/image/aldiprodapac/1002344-1_DRIED-FRUITS-NUTS-JERKY_600x600?wid={width}&hei={height}&fit=crop&fmt=png-alpha","https://dm.apac.cms.aldi.cx/is/image/aldiprodapac/1002344-1_DRIED-FRUITS-NUTS-JERKY_600x600?hei={height}&fmt=png-alpha","https://dm.apac.cms.aldi.cx/is/image/aldiprodapac/1002344-1_DRIED-FRUITS-NUTS-JERKY_600x600?wid={width}&fmt=png-alpha",{"1-1-small":1748},{"maxHeight":997,"maxWidth":997,"ratio":999,"renditions":1749,"uriTemplate":1752},[1750],{"height":1008,"url":1751,"width":1008},"https://dm.apac.cms.aldi.cx/is/image/aldiprodapac/1002344-1_DRIED-FRUITS-NUTS-JERKY_600x600%3A1-1?wid=376&hei=376&fit=stretch&fmt=png-alpha",{"scaleHeight":1753,"scaleWidth":1754},"https://dm.apac.cms.aldi.cx/is/image/aldiprodapac/1002344-1_DRIED-FRUITS-NUTS-JERKY_600x600%3A1-1?hei={height}&fit=constrain&fmt=png-alpha","https://dm.apac.cms.aldi.cx/is/image/aldiprodapac/1002344-1_DRIED-FRUITS-NUTS-JERKY_600x600%3A1-1?wid={width}&fit=constrain&fmt=png-alpha",{"categoryId":1756,"thumbnailImage":1757},"1588161424169215",{":reference-type":993,"altText":1758,"originals":1759,"variants":1766},"PantryMealKits_CategoryThumbnails_600_600.jpg",[1760],{"height":997,"path":1761,"ratio":999,"uriTemplate":1762,"width":997},"/content/dam/aldi/apac/au/editorial/digitas-images-2025/placeholders/cat-thumbnails/PantryMealKits_CategoryThumbnails_600_600.jpg",{"cropCenter":1763,"scaleHeight":1764,"scaleWidth":1765},"https://dm.apac.cms.aldi.cx/is/image/aldiprodapac/PantryMealKits_CategoryThumbnails_600_600?wid={width}&hei={height}&fit=crop","https://dm.apac.cms.aldi.cx/is/image/aldiprodapac/PantryMealKits_CategoryThumbnails_600_600?hei={height}","https://dm.apac.cms.aldi.cx/is/image/aldiprodapac/PantryMealKits_CategoryThumbnails_600_600?wid={width}",{"1-1-small":1767},{"maxHeight":997,"maxWidth":997,"ratio":999,"renditions":1768,"uriTemplate":1771},[1769],{"height":1008,"url":1770,"width":1008},"https://dm.apac.cms.aldi.cx/is/image/aldiprodapac/PantryMealKits_CategoryThumbnails_600_600%3A1-1?wid=376&hei=376&fit=stretch&qlt=85",{"scaleHeight":1772,"scaleWidth":1773},"https://dm.apac.cms.aldi.cx/is/image/aldiprodapac/PantryMealKits_CategoryThumbnails_600_600%3A1-1?hei={height}&fit=constrain","https://dm.apac.cms.aldi.cx/is/image/aldiprodapac/PantryMealKits_CategoryThumbnails_600_600%3A1-1?wid={width}&fit=constrain",{":reference-type":993,"altText":1775,"originals":1776,"variants":1783},"Pantry_CategoryThumbnails.jpg",[1777],{"height":1057,"path":1778,"ratio":999,"uriTemplate":1779,"width":1057},"/content/dam/aldi/apac/au/editorial/digitas-images-2025/placeholders/cat-thumbnails/Pantry_CategoryThumbnails.jpg",{"cropCenter":1780,"scaleHeight":1781,"scaleWidth":1782},"https://dm.apac.cms.aldi.cx/is/image/aldiprodapac/Pantry_CategoryThumbnails?wid={width}&hei={height}&fit=crop","https://dm.apac.cms.aldi.cx/is/image/aldiprodapac/Pantry_CategoryThumbnails?hei={height}","https://dm.apac.cms.aldi.cx/is/image/aldiprodapac/Pantry_CategoryThumbnails?wid={width}",{"1-1-small":1784},{"maxHeight":1057,"maxWidth":1057,"ratio":999,"renditions":1785,"uriTemplate":1788},[1786],{"height":1008,"url":1787,"width":1008},"https://dm.apac.cms.aldi.cx/is/image/aldiprodapac/Pantry_CategoryThumbnails%3A1-1?wid=376&hei=376&fit=stretch&qlt=85",{"scaleHeight":1789,"scaleWidth":1790},"https://dm.apac.cms.aldi.cx/is/image/aldiprodapac/Pantry_CategoryThumbnails%3A1-1?hei={height}&fit=constrain","https://dm.apac.cms.aldi.cx/is/image/aldiprodapac/Pantry_CategoryThumbnails%3A1-1?wid={width}&fit=constrain",{"categoryId":1792,"featurePage":1793,"subCategories":1797,"thumbnailImage":1969},"1010000000",{":reference-type":984,"localPath":1794,"path":1795,"type":987,"url":1796},"/tools/clp/liquor","/content/aldi/apac/au/web/main/en/tools/clp/liquor","https://publish.prod.apac.cms.aldi.cx/content/aldi/apac/au/web/main/homepage/tools/clp/liquor.content.v1.api/content.json",[1798,1817,1836,1855,1874,1893,1912,1931,1950],{"categoryId":1799,"thumbnailImage":1800},"1111111216",{":reference-type":993,"altText":1801,"originals":1802,"variants":1809},"1002344-1_BEER_600x600.png",[1803],{"height":997,"path":1804,"ratio":999,"uriTemplate":1805,"width":997},"/content/dam/aldi/apac/au/editorial/online-merch-2023/category-icons/subcateogry/010923/1002344-1_BEER_600x600.png",{"cropCenter":1806,"scaleHeight":1807,"scaleWidth":1808},"https://dm.apac.cms.aldi.cx/is/image/aldiprodapac/1002344-1_BEER_600x600-1?wid={width}&hei={height}&fit=crop&fmt=png-alpha","https://dm.apac.cms.aldi.cx/is/image/aldiprodapac/1002344-1_BEER_600x600-1?hei={height}&fmt=png-alpha","https://dm.apac.cms.aldi.cx/is/image/aldiprodapac/1002344-1_BEER_600x600-1?wid={width}&fmt=png-alpha",{"1-1-small":1810},{"maxHeight":997,"maxWidth":997,"ratio":999,"renditions":1811,"uriTemplate":1814},[1812],{"height":1008,"url":1813,"width":1008},"https://dm.apac.cms.aldi.cx/is/image/aldiprodapac/1002344-1_BEER_600x600-1%3A1-1?wid=376&hei=376&fit=stretch&fmt=png-alpha",{"scaleHeight":1815,"scaleWidth":1816},"https://dm.apac.cms.aldi.cx/is/image/aldiprodapac/1002344-1_BEER_600x600-1%3A1-1?hei={height}&fit=constrain&fmt=png-alpha","https://dm.apac.cms.aldi.cx/is/image/aldiprodapac/1002344-1_BEER_600x600-1%3A1-1?wid={width}&fit=constrain&fmt=png-alpha",{"categoryId":1818,"thumbnailImage":1819},"1111111220",{":reference-type":993,"altText":1820,"originals":1821,"variants":1828},"LaMuleRose_CategoryThumbnails_600_600.jpg",[1822],{"height":997,"path":1823,"ratio":999,"uriTemplate":1824,"width":997},"/content/dam/aldi/apac/au/editorial/digitas-images-2025/placeholders/cat-thumbnails/liquor/LaMuleRose_CategoryThumbnails_600_600.jpg",{"cropCenter":1825,"scaleHeight":1826,"scaleWidth":1827},"https://dm.apac.cms.aldi.cx/is/image/aldiprodapac/LaMuleRose_CategoryThumbnails_600_600?wid={width}&hei={height}&fit=crop","https://dm.apac.cms.aldi.cx/is/image/aldiprodapac/LaMuleRose_CategoryThumbnails_600_600?hei={height}","https://dm.apac.cms.aldi.cx/is/image/aldiprodapac/LaMuleRose_CategoryThumbnails_600_600?wid={width}",{"1-1-small":1829},{"maxHeight":997,"maxWidth":997,"ratio":999,"renditions":1830,"uriTemplate":1833},[1831],{"height":1008,"url":1832,"width":1008},"https://dm.apac.cms.aldi.cx/is/image/aldiprodapac/LaMuleRose_CategoryThumbnails_600_600%3A1-1?wid=376&hei=376&fit=stretch&qlt=85",{"scaleHeight":1834,"scaleWidth":1835},"https://dm.apac.cms.aldi.cx/is/image/aldiprodapac/LaMuleRose_CategoryThumbnails_600_600%3A1-1?hei={height}&fit=constrain","https://dm.apac.cms.aldi.cx/is/image/aldiprodapac/LaMuleRose_CategoryThumbnails_600_600%3A1-1?wid={width}&fit=constrain",{"categoryId":1837,"thumbnailImage":1838},"1111111218",{":reference-type":993,"altText":1839,"originals":1840,"variants":1847},"KaioraBayRsvSauvignonBlanc_CategoryThumbnails_600_600.jpg",[1841],{"height":997,"path":1842,"ratio":999,"uriTemplate":1843,"width":997},"/content/dam/aldi/apac/au/editorial/digitas-images-2025/placeholders/cat-thumbnails/liquor/KaioraBayRsvSauvignonBlanc_CategoryThumbnails_600_600.jpg",{"cropCenter":1844,"scaleHeight":1845,"scaleWidth":1846},"https://dm.apac.cms.aldi.cx/is/image/aldiprodapac/KaioraBayRsvSauvignonBlanc_CategoryThumbnails_600_600?wid={width}&hei={height}&fit=crop","https://dm.apac.cms.aldi.cx/is/image/aldiprodapac/KaioraBayRsvSauvignonBlanc_CategoryThumbnails_600_600?hei={height}","https://dm.apac.cms.aldi.cx/is/image/aldiprodapac/KaioraBayRsvSauvignonBlanc_CategoryThumbnails_600_600?wid={width}",{"1-1-small":1848},{"maxHeight":997,"maxWidth":997,"ratio":999,"renditions":1849,"uriTemplate":1852},[1850],{"height":1008,"url":1851,"width":1008},"https://dm.apac.cms.aldi.cx/is/image/aldiprodapac/KaioraBayRsvSauvignonBlanc_CategoryThumbnails_600_600%3A1-1?wid=376&hei=376&fit=stretch&qlt=85",{"scaleHeight":1853,"scaleWidth":1854},"https://dm.apac.cms.aldi.cx/is/image/aldiprodapac/KaioraBayRsvSauvignonBlanc_CategoryThumbnails_600_600%3A1-1?hei={height}&fit=constrain","https://dm.apac.cms.aldi.cx/is/image/aldiprodapac/KaioraBayRsvSauvignonBlanc_CategoryThumbnails_600_600%3A1-1?wid={width}&fit=constrain",{"categoryId":1856,"thumbnailImage":1857},"1111111221",{":reference-type":993,"altText":1858,"originals":1859,"variants":1866},"MonsignyChampagne_CategoryThumbnails_600_600.jpg",[1860],{"height":997,"path":1861,"ratio":999,"uriTemplate":1862,"width":997},"/content/dam/aldi/apac/au/editorial/digitas-images-2025/placeholders/cat-thumbnails/liquor/MonsignyChampagne_CategoryThumbnails_600_600.jpg",{"cropCenter":1863,"scaleHeight":1864,"scaleWidth":1865},"https://dm.apac.cms.aldi.cx/is/image/aldiprodapac/MonsignyChampagne_CategoryThumbnails_600_600?wid={width}&hei={height}&fit=crop","https://dm.apac.cms.aldi.cx/is/image/aldiprodapac/MonsignyChampagne_CategoryThumbnails_600_600?hei={height}","https://dm.apac.cms.aldi.cx/is/image/aldiprodapac/MonsignyChampagne_CategoryThumbnails_600_600?wid={width}",{"1-1-small":1867},{"maxHeight":997,"maxWidth":997,"ratio":999,"renditions":1868,"uriTemplate":1871},[1869],{"height":1008,"url":1870,"width":1008},"https://dm.apac.cms.aldi.cx/is/image/aldiprodapac/MonsignyChampagne_CategoryThumbnails_600_600%3A1-1?wid=376&hei=376&fit=stretch&qlt=85",{"scaleHeight":1872,"scaleWidth":1873},"https://dm.apac.cms.aldi.cx/is/image/aldiprodapac/MonsignyChampagne_CategoryThumbnails_600_600%3A1-1?hei={height}&fit=constrain","https://dm.apac.cms.aldi.cx/is/image/aldiprodapac/MonsignyChampagne_CategoryThumbnails_600_600%3A1-1?wid={width}&fit=constrain",{"categoryId":1875,"thumbnailImage":1876},"1111111222",{":reference-type":993,"altText":1877,"originals":1878,"variants":1885},"1002344-1_SPIRITS_600x600.png",[1879],{"height":997,"path":1880,"ratio":999,"uriTemplate":1881,"width":997},"/content/dam/aldi/apac/au/editorial/online-merch-2023/category-icons/subcateogry/010923/1002344-1_SPIRITS_600x600.png",{"cropCenter":1882,"scaleHeight":1883,"scaleWidth":1884},"https://dm.apac.cms.aldi.cx/is/image/aldiprodapac/1002344-1_SPIRITS_600x600-1?wid={width}&hei={height}&fit=crop&fmt=png-alpha","https://dm.apac.cms.aldi.cx/is/image/aldiprodapac/1002344-1_SPIRITS_600x600-1?hei={height}&fmt=png-alpha","https://dm.apac.cms.aldi.cx/is/image/aldiprodapac/1002344-1_SPIRITS_600x600-1?wid={width}&fmt=png-alpha",{"1-1-small":1886},{"maxHeight":997,"maxWidth":997,"ratio":999,"renditions":1887,"uriTemplate":1890},[1888],{"height":1008,"url":1889,"width":1008},"https://dm.apac.cms.aldi.cx/is/image/aldiprodapac/1002344-1_SPIRITS_600x600-1%3A1-1?wid=376&hei=376&fit=stretch&fmt=png-alpha",{"scaleHeight":1891,"scaleWidth":1892},"https://dm.apac.cms.aldi.cx/is/image/aldiprodapac/1002344-1_SPIRITS_600x600-1%3A1-1?hei={height}&fit=constrain&fmt=png-alpha","https://dm.apac.cms.aldi.cx/is/image/aldiprodapac/1002344-1_SPIRITS_600x600-1%3A1-1?wid={width}&fit=constrain&fmt=png-alpha",{"categoryId":1894,"thumbnailImage":1895},"1111111219",{":reference-type":993,"altText":1896,"originals":1897,"variants":1904},"OneRoadShiraz_CategoryThumbnails_600_600.jpg",[1898],{"height":997,"path":1899,"ratio":999,"uriTemplate":1900,"width":997},"/content/dam/aldi/apac/au/editorial/digitas-images-2025/placeholders/cat-thumbnails/liquor/OneRoadShiraz_CategoryThumbnails_600_600.jpg",{"cropCenter":1901,"scaleHeight":1902,"scaleWidth":1903},"https://dm.apac.cms.aldi.cx/is/image/aldiprodapac/OneRoadShiraz_CategoryThumbnails_600_600?wid={width}&hei={height}&fit=crop","https://dm.apac.cms.aldi.cx/is/image/aldiprodapac/OneRoadShiraz_CategoryThumbnails_600_600?hei={height}","https://dm.apac.cms.aldi.cx/is/image/aldiprodapac/OneRoadShiraz_CategoryThumbnails_600_600?wid={width}",{"1-1-small":1905},{"maxHeight":997,"maxWidth":997,"ratio":999,"renditions":1906,"uriTemplate":1909},[1907],{"height":1008,"url":1908,"width":1008},"https://dm.apac.cms.aldi.cx/is/image/aldiprodapac/OneRoadShiraz_CategoryThumbnails_600_600%3A1-1?wid=376&hei=376&fit=stretch&qlt=85",{"scaleHeight":1910,"scaleWidth":1911},"https://dm.apac.cms.aldi.cx/is/image/aldiprodapac/OneRoadShiraz_CategoryThumbnails_600_600%3A1-1?hei={height}&fit=constrain","https://dm.apac.cms.aldi.cx/is/image/aldiprodapac/OneRoadShiraz_CategoryThumbnails_600_600%3A1-1?wid={width}&fit=constrain",{"categoryId":1913,"thumbnailImage":1914},"1111111215",{":reference-type":993,"altText":1915,"originals":1916,"variants":1923},"1002344_CLICK_COLLECT_600x600_19.png",[1917],{"height":997,"path":1918,"ratio":999,"uriTemplate":1919,"width":997},"/content/dam/aldi/apac/au/editorial/online-merch-2023/category-icons/parent-category/1002344_CLICK_COLLECT_600x600_19.png",{"cropCenter":1920,"scaleHeight":1921,"scaleWidth":1922},"https://dm.apac.cms.aldi.cx/is/image/aldiprodapac/1002344_CLICK_COLLECT_600x600_19?wid={width}&hei={height}&fit=crop&fmt=png-alpha","https://dm.apac.cms.aldi.cx/is/image/aldiprodapac/1002344_CLICK_COLLECT_600x600_19?hei={height}&fmt=png-alpha","https://dm.apac.cms.aldi.cx/is/image/aldiprodapac/1002344_CLICK_COLLECT_600x600_19?wid={width}&fmt=png-alpha",{"1-1-small":1924},{"maxHeight":997,"maxWidth":997,"ratio":999,"renditions":1925,"uriTemplate":1928},[1926],{"height":1008,"url":1927,"width":1008},"https://dm.apac.cms.aldi.cx/is/image/aldiprodapac/1002344_CLICK_COLLECT_600x600_19%3A1-1?wid=376&hei=376&fit=stretch&fmt=png-alpha",{"scaleHeight":1929,"scaleWidth":1930},"https://dm.apac.cms.aldi.cx/is/image/aldiprodapac/1002344_CLICK_COLLECT_600x600_19%3A1-1?hei={height}&fit=constrain&fmt=png-alpha","https://dm.apac.cms.aldi.cx/is/image/aldiprodapac/1002344_CLICK_COLLECT_600x600_19%3A1-1?wid={width}&fit=constrain&fmt=png-alpha",{"categoryId":1932,"thumbnailImage":1933},"1111111217",{":reference-type":993,"altText":1934,"originals":1935,"variants":1942},"1002344-1_CIDER_600x600.png",[1936],{"height":997,"path":1937,"ratio":999,"uriTemplate":1938,"width":997},"/content/dam/aldi/apac/au/editorial/online-merch-2023/category-icons/subcateogry/liquor/1002344-1_CIDER_600x600.png",{"cropCenter":1939,"scaleHeight":1940,"scaleWidth":1941},"https://dm.apac.cms.aldi.cx/is/image/aldiprodapac/1002344-1_CIDER_600x600?wid={width}&hei={height}&fit=crop&fmt=png-alpha","https://dm.apac.cms.aldi.cx/is/image/aldiprodapac/1002344-1_CIDER_600x600?hei={height}&fmt=png-alpha","https://dm.apac.cms.aldi.cx/is/image/aldiprodapac/1002344-1_CIDER_600x600?wid={width}&fmt=png-alpha",{"1-1-small":1943},{"maxHeight":997,"maxWidth":997,"ratio":999,"renditions":1944,"uriTemplate":1947},[1945],{"height":1008,"url":1946,"width":1008},"https://dm.apac.cms.aldi.cx/is/image/aldiprodapac/1002344-1_CIDER_600x600%3A1-1?wid=376&hei=376&fit=stretch&fmt=png-alpha",{"scaleHeight":1948,"scaleWidth":1949},"https://dm.apac.cms.aldi.cx/is/image/aldiprodapac/1002344-1_CIDER_600x600%3A1-1?hei={height}&fit=constrain&fmt=png-alpha","https://dm.apac.cms.aldi.cx/is/image/aldiprodapac/1002344-1_CIDER_600x600%3A1-1?wid={width}&fit=constrain&fmt=png-alpha",{"categoryId":1951,"thumbnailImage":1952},"1111111223",{":reference-type":993,"altText":1953,"originals":1954,"variants":1961},"GuavaVodkaCrush_CategoryThumbnails_600_600.jpg",[1955],{"height":997,"path":1956,"ratio":999,"uriTemplate":1957,"width":997},"/content/dam/aldi/apac/au/editorial/digitas-images-2025/placeholders/cat-thumbnails/liquor/GuavaVodkaCrush_CategoryThumbnails_600_600.jpg",{"cropCenter":1958,"scaleHeight":1959,"scaleWidth":1960},"https://dm.apac.cms.aldi.cx/is/image/aldiprodapac/GuavaVodkaCrush_CategoryThumbnails_600_600?wid={width}&hei={height}&fit=crop","https://dm.apac.cms.aldi.cx/is/image/aldiprodapac/GuavaVodkaCrush_CategoryThumbnails_600_600?hei={height}","https://dm.apac.cms.aldi.cx/is/image/aldiprodapac/GuavaVodkaCrush_CategoryThumbnails_600_600?wid={width}",{"1-1-small":1962},{"maxHeight":997,"maxWidth":997,"ratio":999,"renditions":1963,"uriTemplate":1966},[1964],{"height":1008,"url":1965,"width":1008},"https://dm.apac.cms.aldi.cx/is/image/aldiprodapac/GuavaVodkaCrush_CategoryThumbnails_600_600%3A1-1?wid=376&hei=376&fit=stretch&qlt=85",{"scaleHeight":1967,"scaleWidth":1968},"https://dm.apac.cms.aldi.cx/is/image/aldiprodapac/GuavaVodkaCrush_CategoryThumbnails_600_600%3A1-1?hei={height}&fit=constrain","https://dm.apac.cms.aldi.cx/is/image/aldiprodapac/GuavaVodkaCrush_CategoryThumbnails_600_600%3A1-1?wid={width}&fit=constrain",{":reference-type":993,"altText":1970,"originals":1971,"variants":1980},"Liquor_CategoryThumbnails_600_600.jpg",[1972],{"height":1973,"path":1974,"ratio":1975,"uriTemplate":1976,"width":997},601,"/content/dam/aldi/apac/au/editorial/digitas-images-2025/placeholders/cat-thumbnails/Liquor_CategoryThumbnails_600_600.jpg",0.9983361064891847,{"cropCenter":1977,"scaleHeight":1978,"scaleWidth":1979},"https://dm.apac.cms.aldi.cx/is/image/aldiprodapac/Liquor_CategoryThumbnails_600_600?wid={width}&hei={height}&fit=crop","https://dm.apac.cms.aldi.cx/is/image/aldiprodapac/Liquor_CategoryThumbnails_600_600?hei={height}","https://dm.apac.cms.aldi.cx/is/image/aldiprodapac/Liquor_CategoryThumbnails_600_600?wid={width}",{"1-1-small":1981},{"maxHeight":997,"maxWidth":997,"ratio":999,"renditions":1982,"uriTemplate":1985},[1983],{"height":1008,"url":1984,"width":1008},"https://dm.apac.cms.aldi.cx/is/image/aldiprodapac/Liquor_CategoryThumbnails_600_600%3A1-1?wid=376&hei=376&fit=stretch&qlt=85",{"scaleHeight":1986,"scaleWidth":1987},"https://dm.apac.cms.aldi.cx/is/image/aldiprodapac/Liquor_CategoryThumbnails_600_600%3A1-1?hei={height}&fit=constrain","https://dm.apac.cms.aldi.cx/is/image/aldiprodapac/Liquor_CategoryThumbnails_600_600%3A1-1?wid={width}&fit=constrain",{"categoryId":1989,"featurePage":1990,"subCategories":1994,"thumbnailImage":2185},"1040000000",{":reference-type":984,"localPath":1991,"path":1992,"type":987,"url":1993},"/tools/clp/health---beauty","/content/aldi/apac/au/web/main/en/tools/clp/health---beauty","https://publish.prod.apac.cms.aldi.cx/content/aldi/apac/au/web/main/homepage/tools/clp/health---beauty.content.v1.api/content.json",[1995,2014,2033,2052,2071,2090,2109,2128,2147,2166],{"categoryId":1996,"thumbnailImage":1997},"1111111246",{":reference-type":993,"altText":1998,"originals":1999,"variants":2006},"1002344-1_COSMETICS_600x600.png",[2000],{"height":997,"path":2001,"ratio":999,"uriTemplate":2002,"width":997},"/content/dam/aldi/apac/au/editorial/online-merch-2023/category-icons/subcateogry/010923/1002344-1_COSMETICS_600x600.png",{"cropCenter":2003,"scaleHeight":2004,"scaleWidth":2005},"https://dm.apac.cms.aldi.cx/is/image/aldiprodapac/1002344-1_COSMETICS_600x600-1?wid={width}&hei={height}&fit=crop&fmt=png-alpha","https://dm.apac.cms.aldi.cx/is/image/aldiprodapac/1002344-1_COSMETICS_600x600-1?hei={height}&fmt=png-alpha","https://dm.apac.cms.aldi.cx/is/image/aldiprodapac/1002344-1_COSMETICS_600x600-1?wid={width}&fmt=png-alpha",{"1-1-small":2007},{"maxHeight":997,"maxWidth":997,"ratio":999,"renditions":2008,"uriTemplate":2011},[2009],{"height":1008,"url":2010,"width":1008},"https://dm.apac.cms.aldi.cx/is/image/aldiprodapac/1002344-1_COSMETICS_600x600-1%3A1-1?wid=376&hei=376&fit=stretch&fmt=png-alpha",{"scaleHeight":2012,"scaleWidth":2013},"https://dm.apac.cms.aldi.cx/is/image/aldiprodapac/1002344-1_COSMETICS_600x600-1%3A1-1?hei={height}&fit=constrain&fmt=png-alpha","https://dm.apac.cms.aldi.cx/is/image/aldiprodapac/1002344-1_COSMETICS_600x600-1%3A1-1?wid={width}&fit=constrain&fmt=png-alpha",{"categoryId":2015,"thumbnailImage":2016},"1111111247",{":reference-type":993,"altText":2017,"originals":2018,"variants":2025},"1002344-1_DENTAL-CARE_600x600.png",[2019],{"height":997,"path":2020,"ratio":999,"uriTemplate":2021,"width":997},"/content/dam/aldi/apac/au/editorial/online-merch-2023/category-icons/subcateogry/010923/1002344-1_DENTAL-CARE_600x600.png",{"cropCenter":2022,"scaleHeight":2023,"scaleWidth":2024},"https://dm.apac.cms.aldi.cx/is/image/aldiprodapac/1002344-1_DENTAL-CARE_600x600-1?wid={width}&hei={height}&fit=crop&fmt=png-alpha","https://dm.apac.cms.aldi.cx/is/image/aldiprodapac/1002344-1_DENTAL-CARE_600x600-1?hei={height}&fmt=png-alpha","https://dm.apac.cms.aldi.cx/is/image/aldiprodapac/1002344-1_DENTAL-CARE_600x600-1?wid={width}&fmt=png-alpha",{"1-1-small":2026},{"maxHeight":997,"maxWidth":997,"ratio":999,"renditions":2027,"uriTemplate":2030},[2028],{"height":1008,"url":2029,"width":1008},"https://dm.apac.cms.aldi.cx/is/image/aldiprodapac/1002344-1_DENTAL-CARE_600x600-1%3A1-1?wid=376&hei=376&fit=stretch&fmt=png-alpha",{"scaleHeight":2031,"scaleWidth":2032},"https://dm.apac.cms.aldi.cx/is/image/aldiprodapac/1002344-1_DENTAL-CARE_600x600-1%3A1-1?hei={height}&fit=constrain&fmt=png-alpha","https://dm.apac.cms.aldi.cx/is/image/aldiprodapac/1002344-1_DENTAL-CARE_600x600-1%3A1-1?wid={width}&fit=constrain&fmt=png-alpha",{"categoryId":2034,"thumbnailImage":2035},"1111111243",{":reference-type":993,"altText":2036,"originals":2037,"variants":2044},"RegularOrLongLiners_CategoryThumbnails_600_600.jpg",[2038],{"height":997,"path":2039,"ratio":999,"uriTemplate":2040,"width":997},"/content/dam/aldi/apac/au/editorial/digitas-images-2025/placeholders/cat-thumbnails/health_beauty/RegularOrLongLiners_CategoryThumbnails_600_600.jpg",{"cropCenter":2041,"scaleHeight":2042,"scaleWidth":2043},"https://dm.apac.cms.aldi.cx/is/image/aldiprodapac/RegularOrLongLiners_CategoryThumbnails_600_600?wid={width}&hei={height}&fit=crop","https://dm.apac.cms.aldi.cx/is/image/aldiprodapac/RegularOrLongLiners_CategoryThumbnails_600_600?hei={height}","https://dm.apac.cms.aldi.cx/is/image/aldiprodapac/RegularOrLongLiners_CategoryThumbnails_600_600?wid={width}",{"1-1-small":2045},{"maxHeight":997,"maxWidth":997,"ratio":999,"renditions":2046,"uriTemplate":2049},[2047],{"height":1008,"url":2048,"width":1008},"https://dm.apac.cms.aldi.cx/is/image/aldiprodapac/RegularOrLongLiners_CategoryThumbnails_600_600%3A1-1?wid=376&hei=376&fit=stretch&qlt=85",{"scaleHeight":2050,"scaleWidth":2051},"https://dm.apac.cms.aldi.cx/is/image/aldiprodapac/RegularOrLongLiners_CategoryThumbnails_600_600%3A1-1?hei={height}&fit=constrain","https://dm.apac.cms.aldi.cx/is/image/aldiprodapac/RegularOrLongLiners_CategoryThumbnails_600_600%3A1-1?wid={width}&fit=constrain",{"categoryId":2053,"thumbnailImage":2054},"1111111245",{":reference-type":993,"altText":2055,"originals":2056,"variants":2063},"1002344-1_FIRST-AID-MEDICINAL_600x600.png",[2057],{"height":997,"path":2058,"ratio":999,"uriTemplate":2059,"width":997},"/content/dam/aldi/apac/au/editorial/online-merch-2023/category-icons/subcateogry/health---beauty-/1002344-1_FIRST-AID-MEDICINAL_600x600.png",{"cropCenter":2060,"scaleHeight":2061,"scaleWidth":2062},"https://dm.apac.cms.aldi.cx/is/image/aldiprodapac/1002344-1_FIRST-AID-MEDICINAL_600x600?wid={width}&hei={height}&fit=crop&fmt=png-alpha","https://dm.apac.cms.aldi.cx/is/image/aldiprodapac/1002344-1_FIRST-AID-MEDICINAL_600x600?hei={height}&fmt=png-alpha","https://dm.apac.cms.aldi.cx/is/image/aldiprodapac/1002344-1_FIRST-AID-MEDICINAL_600x600?wid={width}&fmt=png-alpha",{"1-1-small":2064},{"maxHeight":997,"maxWidth":997,"ratio":999,"renditions":2065,"uriTemplate":2068},[2066],{"height":1008,"url":2067,"width":1008},"https://dm.apac.cms.aldi.cx/is/image/aldiprodapac/1002344-1_FIRST-AID-MEDICINAL_600x600%3A1-1?wid=376&hei=376&fit=stretch&fmt=png-alpha",{"scaleHeight":2069,"scaleWidth":2070},"https://dm.apac.cms.aldi.cx/is/image/aldiprodapac/1002344-1_FIRST-AID-MEDICINAL_600x600%3A1-1?hei={height}&fit=constrain&fmt=png-alpha","https://dm.apac.cms.aldi.cx/is/image/aldiprodapac/1002344-1_FIRST-AID-MEDICINAL_600x600%3A1-1?wid={width}&fit=constrain&fmt=png-alpha",{"categoryId":2072,"thumbnailImage":2073},"1111111248",{":reference-type":993,"altText":2074,"originals":2075,"variants":2082},"1002344-1_HAIR-CARE_600x600.png",[2076],{"height":997,"path":2077,"ratio":999,"uriTemplate":2078,"width":997},"/content/dam/aldi/apac/au/editorial/online-merch-2023/category-icons/subcateogry/010923/1002344-1_HAIR-CARE_600x600.png",{"cropCenter":2079,"scaleHeight":2080,"scaleWidth":2081},"https://dm.apac.cms.aldi.cx/is/image/aldiprodapac/1002344-1_HAIR-CARE_600x600-1?wid={width}&hei={height}&fit=crop&fmt=png-alpha","https://dm.apac.cms.aldi.cx/is/image/aldiprodapac/1002344-1_HAIR-CARE_600x600-1?hei={height}&fmt=png-alpha","https://dm.apac.cms.aldi.cx/is/image/aldiprodapac/1002344-1_HAIR-CARE_600x600-1?wid={width}&fmt=png-alpha",{"1-1-small":2083},{"maxHeight":997,"maxWidth":997,"ratio":999,"renditions":2084,"uriTemplate":2087},[2085],{"height":1008,"url":2086,"width":1008},"https://dm.apac.cms.aldi.cx/is/image/aldiprodapac/1002344-1_HAIR-CARE_600x600-1%3A1-1?wid=376&hei=376&fit=stretch&fmt=png-alpha",{"scaleHeight":2088,"scaleWidth":2089},"https://dm.apac.cms.aldi.cx/is/image/aldiprodapac/1002344-1_HAIR-CARE_600x600-1%3A1-1?hei={height}&fit=constrain&fmt=png-alpha","https://dm.apac.cms.aldi.cx/is/image/aldiprodapac/1002344-1_HAIR-CARE_600x600-1%3A1-1?wid={width}&fit=constrain&fmt=png-alpha",{"categoryId":2091,"thumbnailImage":2092},"1111111249",{":reference-type":993,"altText":2093,"originals":2094,"variants":2101},"1002344-1_HAIR-REMOVAL_600x600.png",[2095],{"height":997,"path":2096,"ratio":999,"uriTemplate":2097,"width":997},"/content/dam/aldi/apac/au/editorial/online-merch-2023/category-icons/subcateogry/010923/1002344-1_HAIR-REMOVAL_600x600.png",{"cropCenter":2098,"scaleHeight":2099,"scaleWidth":2100},"https://dm.apac.cms.aldi.cx/is/image/aldiprodapac/1002344-1_HAIR-REMOVAL_600x600-1?wid={width}&hei={height}&fit=crop&fmt=png-alpha","https://dm.apac.cms.aldi.cx/is/image/aldiprodapac/1002344-1_HAIR-REMOVAL_600x600-1?hei={height}&fmt=png-alpha","https://dm.apac.cms.aldi.cx/is/image/aldiprodapac/1002344-1_HAIR-REMOVAL_600x600-1?wid={width}&fmt=png-alpha",{"1-1-small":2102},{"maxHeight":997,"maxWidth":997,"ratio":999,"renditions":2103,"uriTemplate":2106},[2104],{"height":1008,"url":2105,"width":1008},"https://dm.apac.cms.aldi.cx/is/image/aldiprodapac/1002344-1_HAIR-REMOVAL_600x600-1%3A1-1?wid=376&hei=376&fit=stretch&fmt=png-alpha",{"scaleHeight":2107,"scaleWidth":2108},"https://dm.apac.cms.aldi.cx/is/image/aldiprodapac/1002344-1_HAIR-REMOVAL_600x600-1%3A1-1?hei={height}&fit=constrain&fmt=png-alpha","https://dm.apac.cms.aldi.cx/is/image/aldiprodapac/1002344-1_HAIR-REMOVAL_600x600-1%3A1-1?wid={width}&fit=constrain&fmt=png-alpha",{"categoryId":2110,"thumbnailImage":2111},"1111111244",{":reference-type":993,"altText":2112,"originals":2113,"variants":2120},"1002344-1_PERSONAL-CARE-HYGIENE_600x600.png",[2114],{"height":997,"path":2115,"ratio":999,"uriTemplate":2116,"width":997},"/content/dam/aldi/apac/au/editorial/online-merch-2023/category-icons/subcateogry/010923/1002344-1_PERSONAL-CARE-HYGIENE_600x600.png",{"cropCenter":2117,"scaleHeight":2118,"scaleWidth":2119},"https://dm.apac.cms.aldi.cx/is/image/aldiprodapac/1002344-1_PERSONAL-CARE-HYGIENE_600x600-1?wid={width}&hei={height}&fit=crop&fmt=png-alpha","https://dm.apac.cms.aldi.cx/is/image/aldiprodapac/1002344-1_PERSONAL-CARE-HYGIENE_600x600-1?hei={height}&fmt=png-alpha","https://dm.apac.cms.aldi.cx/is/image/aldiprodapac/1002344-1_PERSONAL-CARE-HYGIENE_600x600-1?wid={width}&fmt=png-alpha",{"1-1-small":2121},{"maxHeight":997,"maxWidth":997,"ratio":999,"renditions":2122,"uriTemplate":2125},[2123],{"height":1008,"url":2124,"width":1008},"https://dm.apac.cms.aldi.cx/is/image/aldiprodapac/1002344-1_PERSONAL-CARE-HYGIENE_600x600-1%3A1-1?wid=376&hei=376&fit=stretch&fmt=png-alpha",{"scaleHeight":2126,"scaleWidth":2127},"https://dm.apac.cms.aldi.cx/is/image/aldiprodapac/1002344-1_PERSONAL-CARE-HYGIENE_600x600-1%3A1-1?hei={height}&fit=constrain&fmt=png-alpha","https://dm.apac.cms.aldi.cx/is/image/aldiprodapac/1002344-1_PERSONAL-CARE-HYGIENE_600x600-1%3A1-1?wid={width}&fit=constrain&fmt=png-alpha",{"categoryId":2129,"thumbnailImage":2130},"1111111242",{":reference-type":993,"altText":2131,"originals":2132,"variants":2139},"1002344-1_SHOWER-BATH-CARE_600x600.png",[2133],{"height":997,"path":2134,"ratio":999,"uriTemplate":2135,"width":997},"/content/dam/aldi/apac/au/editorial/online-merch-2023/category-icons/subcateogry/010923/1002344-1_SHOWER-BATH-CARE_600x600.png",{"cropCenter":2136,"scaleHeight":2137,"scaleWidth":2138},"https://dm.apac.cms.aldi.cx/is/image/aldiprodapac/1002344-1_SHOWER-BATH-CARE_600x600-1?wid={width}&hei={height}&fit=crop&fmt=png-alpha","https://dm.apac.cms.aldi.cx/is/image/aldiprodapac/1002344-1_SHOWER-BATH-CARE_600x600-1?hei={height}&fmt=png-alpha","https://dm.apac.cms.aldi.cx/is/image/aldiprodapac/1002344-1_SHOWER-BATH-CARE_600x600-1?wid={width}&fmt=png-alpha",{"1-1-small":2140},{"maxHeight":997,"maxWidth":997,"ratio":999,"renditions":2141,"uriTemplate":2144},[2142],{"height":1008,"url":2143,"width":1008},"https://dm.apac.cms.aldi.cx/is/image/aldiprodapac/1002344-1_SHOWER-BATH-CARE_600x600-1%3A1-1?wid=376&hei=376&fit=stretch&fmt=png-alpha",{"scaleHeight":2145,"scaleWidth":2146},"https://dm.apac.cms.aldi.cx/is/image/aldiprodapac/1002344-1_SHOWER-BATH-CARE_600x600-1%3A1-1?hei={height}&fit=constrain&fmt=png-alpha","https://dm.apac.cms.aldi.cx/is/image/aldiprodapac/1002344-1_SHOWER-BATH-CARE_600x600-1%3A1-1?wid={width}&fit=constrain&fmt=png-alpha",{"categoryId":2148,"thumbnailImage":2149},"1111111241",{":reference-type":993,"altText":2150,"originals":2151,"variants":2158},"1002344-1_SUN-SKIN-CARE_600x600.png",[2152],{"height":997,"path":2153,"ratio":999,"uriTemplate":2154,"width":997},"/content/dam/aldi/apac/au/editorial/online-merch-2023/category-icons/subcateogry/010923/1002344-1_SUN-SKIN-CARE_600x600.png",{"cropCenter":2155,"scaleHeight":2156,"scaleWidth":2157},"https://dm.apac.cms.aldi.cx/is/image/aldiprodapac/1002344-1_SUN-SKIN-CARE_600x600-1?wid={width}&hei={height}&fit=crop&fmt=png-alpha","https://dm.apac.cms.aldi.cx/is/image/aldiprodapac/1002344-1_SUN-SKIN-CARE_600x600-1?hei={height}&fmt=png-alpha","https://dm.apac.cms.aldi.cx/is/image/aldiprodapac/1002344-1_SUN-SKIN-CARE_600x600-1?wid={width}&fmt=png-alpha",{"1-1-small":2159},{"maxHeight":997,"maxWidth":997,"ratio":999,"renditions":2160,"uriTemplate":2163},[2161],{"height":1008,"url":2162,"width":1008},"https://dm.apac.cms.aldi.cx/is/image/aldiprodapac/1002344-1_SUN-SKIN-CARE_600x600-1%3A1-1?wid=376&hei=376&fit=stretch&fmt=png-alpha",{"scaleHeight":2164,"scaleWidth":2165},"https://dm.apac.cms.aldi.cx/is/image/aldiprodapac/1002344-1_SUN-SKIN-CARE_600x600-1%3A1-1?hei={height}&fit=constrain&fmt=png-alpha","https://dm.apac.cms.aldi.cx/is/image/aldiprodapac/1002344-1_SUN-SKIN-CARE_600x600-1%3A1-1?wid={width}&fit=constrain&fmt=png-alpha",{"categoryId":2167,"thumbnailImage":2168},"1111111240",{":reference-type":993,"altText":2169,"originals":2170,"variants":2177},"1002344-1_VITAMINS-SPORT-NUTRITION_600x600.png",[2171],{"height":997,"path":2172,"ratio":999,"uriTemplate":2173,"width":997},"/content/dam/aldi/apac/au/editorial/online-merch-2023/category-icons/subcateogry/010923/1002344-1_VITAMINS-SPORT-NUTRITION_600x600.png",{"cropCenter":2174,"scaleHeight":2175,"scaleWidth":2176},"https://dm.apac.cms.aldi.cx/is/image/aldiprodapac/1002344-1_VITAMINS-SPORT-NUTRITION_600x600-1?wid={width}&hei={height}&fit=crop&fmt=png-alpha","https://dm.apac.cms.aldi.cx/is/image/aldiprodapac/1002344-1_VITAMINS-SPORT-NUTRITION_600x600-1?hei={height}&fmt=png-alpha","https://dm.apac.cms.aldi.cx/is/image/aldiprodapac/1002344-1_VITAMINS-SPORT-NUTRITION_600x600-1?wid={width}&fmt=png-alpha",{"1-1-small":2178},{"maxHeight":997,"maxWidth":997,"ratio":999,"renditions":2179,"uriTemplate":2182},[2180],{"height":1008,"url":2181,"width":1008},"https://dm.apac.cms.aldi.cx/is/image/aldiprodapac/1002344-1_VITAMINS-SPORT-NUTRITION_600x600-1%3A1-1?wid=376&hei=376&fit=stretch&fmt=png-alpha",{"scaleHeight":2183,"scaleWidth":2184},"https://dm.apac.cms.aldi.cx/is/image/aldiprodapac/1002344-1_VITAMINS-SPORT-NUTRITION_600x600-1%3A1-1?hei={height}&fit=constrain&fmt=png-alpha","https://dm.apac.cms.aldi.cx/is/image/aldiprodapac/1002344-1_VITAMINS-SPORT-NUTRITION_600x600-1%3A1-1?wid={width}&fit=constrain&fmt=png-alpha",{":reference-type":993,"altText":2186,"originals":2187,"variants":2194},"Beauty_CategoryThumbnails_600_600.jpg",[2188],{"height":997,"path":2189,"ratio":999,"uriTemplate":2190,"width":997},"/content/dam/aldi/apac/au/editorial/digitas-images-2025/placeholders/cat-thumbnails/Beauty_CategoryThumbnails_600_600.jpg",{"cropCenter":2191,"scaleHeight":2192,"scaleWidth":2193},"https://dm.apac.cms.aldi.cx/is/image/aldiprodapac/Beauty_CategoryThumbnails_600_600?wid={width}&hei={height}&fit=crop","https://dm.apac.cms.aldi.cx/is/image/aldiprodapac/Beauty_CategoryThumbnails_600_600?hei={height}","https://dm.apac.cms.aldi.cx/is/image/aldiprodapac/Beauty_CategoryThumbnails_600_600?wid={width}",{"1-1-small":2195},{"maxHeight":997,"maxWidth":997,"ratio":999,"renditions":2196,"uriTemplate":2199},[2197],{"height":1008,"url":2198,"width":1008},"https://dm.apac.cms.aldi.cx/is/image/aldiprodapac/Beauty_CategoryThumbnails_600_600%3A1-1?wid=376&hei=376&fit=stretch&qlt=85",{"scaleHeight":2200,"scaleWidth":2201},"https://dm.apac.cms.aldi.cx/is/image/aldiprodapac/Beauty_CategoryThumbnails_600_600%3A1-1?hei={height}&fit=constrain","https://dm.apac.cms.aldi.cx/is/image/aldiprodapac/Beauty_CategoryThumbnails_600_600%3A1-1?wid={width}&fit=constrain",{"categoryId":2203,"featurePage":2204,"subCategories":2208,"thumbnailImage":2266},"920000000",{":reference-type":984,"localPath":2205,"path":2206,"type":987,"url":2207},"/tools/clp/bakery","/content/aldi/apac/au/web/main/en/tools/clp/bakery","https://publish.prod.apac.cms.aldi.cx/content/aldi/apac/au/web/main/homepage/tools/clp/bakery.content.v1.api/content.json",[2209,2228,2247],{"categoryId":2210,"thumbnailImage":2211},"1111111131",{":reference-type":993,"altText":2212,"originals":2213,"variants":2220},"Pets Category Thumbnails - 6",[2214],{"height":997,"path":2215,"ratio":999,"uriTemplate":2216,"width":997},"/content/dam/aldi/apac/au/editorial/digitas-images-2025/placeholders/cat-thumbnails/bakery/Muffins_CategoryThumbnail_600x600_2.jpg",{"cropCenter":2217,"scaleHeight":2218,"scaleWidth":2219},"https://dm.apac.cms.aldi.cx/is/image/aldiprodapac/Muffins_CategoryThumbnail_600x600_2?wid={width}&hei={height}&fit=crop","https://dm.apac.cms.aldi.cx/is/image/aldiprodapac/Muffins_CategoryThumbnail_600x600_2?hei={height}","https://dm.apac.cms.aldi.cx/is/image/aldiprodapac/Muffins_CategoryThumbnail_600x600_2?wid={width}",{"1-1-small":2221},{"maxHeight":997,"maxWidth":997,"ratio":999,"renditions":2222,"uriTemplate":2225},[2223],{"height":1008,"url":2224,"width":1008},"https://dm.apac.cms.aldi.cx/is/image/aldiprodapac/Muffins_CategoryThumbnail_600x600_2%3A1-1?wid=376&hei=376&fit=stretch&qlt=85",{"scaleHeight":2226,"scaleWidth":2227},"https://dm.apac.cms.aldi.cx/is/image/aldiprodapac/Muffins_CategoryThumbnail_600x600_2%3A1-1?hei={height}&fit=constrain","https://dm.apac.cms.aldi.cx/is/image/aldiprodapac/Muffins_CategoryThumbnail_600x600_2%3A1-1?wid={width}&fit=constrain",{"categoryId":2229,"thumbnailImage":2230},"1111111132",{":reference-type":993,"altText":2231,"originals":2232,"variants":2239},"Pets Category Thumbnails - 5",[2233],{"height":997,"path":2234,"ratio":999,"uriTemplate":2235,"width":997},"/content/dam/aldi/apac/au/editorial/digitas-images-2025/placeholders/cat-thumbnails/bakery/Sliced_Breads_CategoryThumbnail_600x600_2.jpg",{"cropCenter":2236,"scaleHeight":2237,"scaleWidth":2238},"https://dm.apac.cms.aldi.cx/is/image/aldiprodapac/Sliced_Breads_CategoryThumbnail_600x600_2?wid={width}&hei={height}&fit=crop","https://dm.apac.cms.aldi.cx/is/image/aldiprodapac/Sliced_Breads_CategoryThumbnail_600x600_2?hei={height}","https://dm.apac.cms.aldi.cx/is/image/aldiprodapac/Sliced_Breads_CategoryThumbnail_600x600_2?wid={width}",{"1-1-small":2240},{"maxHeight":997,"maxWidth":997,"ratio":999,"renditions":2241,"uriTemplate":2244},[2242],{"height":1008,"url":2243,"width":1008},"https://dm.apac.cms.aldi.cx/is/image/aldiprodapac/Sliced_Breads_CategoryThumbnail_600x600_2%3A1-1?wid=376&hei=376&fit=stretch&qlt=85",{"scaleHeight":2245,"scaleWidth":2246},"https://dm.apac.cms.aldi.cx/is/image/aldiprodapac/Sliced_Breads_CategoryThumbnail_600x600_2%3A1-1?hei={height}&fit=constrain","https://dm.apac.cms.aldi.cx/is/image/aldiprodapac/Sliced_Breads_CategoryThumbnail_600x600_2%3A1-1?wid={width}&fit=constrain",{"categoryId":2248,"thumbnailImage":2249},"1111111133",{":reference-type":993,"altText":2250,"originals":2251,"variants":2258},"Pets Category Thumbnails - 4",[2252],{"height":997,"path":2253,"ratio":999,"uriTemplate":2254,"width":997},"/content/dam/aldi/apac/au/editorial/digitas-images-2025/placeholders/cat-thumbnails/bakery/Specialty_Bread_CategoryThumbnail_600x600_2.jpg",{"cropCenter":2255,"scaleHeight":2256,"scaleWidth":2257},"https://dm.apac.cms.aldi.cx/is/image/aldiprodapac/Specialty_Bread_CategoryThumbnail_600x600_2?wid={width}&hei={height}&fit=crop","https://dm.apac.cms.aldi.cx/is/image/aldiprodapac/Specialty_Bread_CategoryThumbnail_600x600_2?hei={height}","https://dm.apac.cms.aldi.cx/is/image/aldiprodapac/Specialty_Bread_CategoryThumbnail_600x600_2?wid={width}",{"1-1-small":2259},{"maxHeight":997,"maxWidth":997,"ratio":999,"renditions":2260,"uriTemplate":2263},[2261],{"height":1008,"url":2262,"width":1008},"https://dm.apac.cms.aldi.cx/is/image/aldiprodapac/Specialty_Bread_CategoryThumbnail_600x600_2%3A1-1?wid=376&hei=376&fit=stretch&qlt=85",{"scaleHeight":2264,"scaleWidth":2265},"https://dm.apac.cms.aldi.cx/is/image/aldiprodapac/Specialty_Bread_CategoryThumbnail_600x600_2%3A1-1?hei={height}&fit=constrain","https://dm.apac.cms.aldi.cx/is/image/aldiprodapac/Specialty_Bread_CategoryThumbnail_600x600_2%3A1-1?wid={width}&fit=constrain",{":reference-type":993,"altText":2267,"originals":2268,"variants":2275},"Bakery_CategoryThumbnails_600_600.jpg",[2269],{"height":997,"path":2270,"ratio":999,"uriTemplate":2271,"width":997},"/content/dam/aldi/apac/au/editorial/digitas-images-2025/placeholders/cat-thumbnails/Bakery_CategoryThumbnails_600_600.jpg",{"cropCenter":2272,"scaleHeight":2273,"scaleWidth":2274},"https://dm.apac.cms.aldi.cx/is/image/aldiprodapac/Bakery_CategoryThumbnails_600_600?wid={width}&hei={height}&fit=crop","https://dm.apac.cms.aldi.cx/is/image/aldiprodapac/Bakery_CategoryThumbnails_600_600?hei={height}","https://dm.apac.cms.aldi.cx/is/image/aldiprodapac/Bakery_CategoryThumbnails_600_600?wid={width}",{"1-1-small":2276},{"maxHeight":997,"maxWidth":997,"ratio":999,"renditions":2277,"uriTemplate":2280},[2278],{"height":1008,"url":2279,"width":1008},"https://dm.apac.cms.aldi.cx/is/image/aldiprodapac/Bakery_CategoryThumbnails_600_600%3A1-1?wid=376&hei=376&fit=stretch&qlt=85",{"scaleHeight":2281,"scaleWidth":2282},"https://dm.apac.cms.aldi.cx/is/image/aldiprodapac/Bakery_CategoryThumbnails_600_600%3A1-1?hei={height}&fit=constrain","https://dm.apac.cms.aldi.cx/is/image/aldiprodapac/Bakery_CategoryThumbnails_600_600%3A1-1?wid={width}&fit=constrain",{"categoryId":2284,"featurePage":2285,"subCategories":2289,"thumbnailImage":2385},"950000000",{":reference-type":984,"localPath":2286,"path":2287,"type":987,"url":2288},"/tools/clp/fruits-vegetables","/content/aldi/apac/au/web/main/en/tools/clp/fruits-vegetables","https://publish.prod.apac.cms.aldi.cx/content/aldi/apac/au/web/main/homepage/tools/clp/fruits-vegetables.content.v1.api/content.json",[2290,2309,2328,2347,2366],{"categoryId":2291,"thumbnailImage":2292},"1111111152",{":reference-type":993,"altText":2293,"originals":2294,"variants":2301},"1002344-1_FRESH-FRUITS_600x600.png",[2295],{"height":997,"path":2296,"ratio":999,"uriTemplate":2297,"width":997},"/content/dam/aldi/apac/au/editorial/online-merch-2023/category-icons/subcateogry/fruits---vegetables/1002344-1_FRESH-FRUITS_600x600.png",{"cropCenter":2298,"scaleHeight":2299,"scaleWidth":2300},"https://dm.apac.cms.aldi.cx/is/image/aldiprodapac/1002344-1_FRESH-FRUITS_600x600?wid={width}&hei={height}&fit=crop&fmt=png-alpha","https://dm.apac.cms.aldi.cx/is/image/aldiprodapac/1002344-1_FRESH-FRUITS_600x600?hei={height}&fmt=png-alpha","https://dm.apac.cms.aldi.cx/is/image/aldiprodapac/1002344-1_FRESH-FRUITS_600x600?wid={width}&fmt=png-alpha",{"1-1-small":2302},{"maxHeight":997,"maxWidth":997,"ratio":999,"renditions":2303,"uriTemplate":2306},[2304],{"height":1008,"url":2305,"width":1008},"https://dm.apac.cms.aldi.cx/is/image/aldiprodapac/1002344-1_FRESH-FRUITS_600x600%3A1-1?wid=376&hei=376&fit=stretch&fmt=png-alpha",{"scaleHeight":2307,"scaleWidth":2308},"https://dm.apac.cms.aldi.cx/is/image/aldiprodapac/1002344-1_FRESH-FRUITS_600x600%3A1-1?hei={height}&fit=constrain&fmt=png-alpha","https://dm.apac.cms.aldi.cx/is/image/aldiprodapac/1002344-1_FRESH-FRUITS_600x600%3A1-1?wid={width}&fit=constrain&fmt=png-alpha",{"categoryId":2310,"thumbnailImage":2311},"1111111153",{":reference-type":993,"altText":2312,"originals":2313,"variants":2320},"1002344-1_FRESH-VEGETABLES_600x600.png",[2314],{"height":997,"path":2315,"ratio":999,"uriTemplate":2316,"width":997},"/content/dam/aldi/apac/au/editorial/online-merch-2023/category-icons/subcateogry/fruits---vegetables/1002344-1_FRESH-VEGETABLES_600x600.png",{"cropCenter":2317,"scaleHeight":2318,"scaleWidth":2319},"https://dm.apac.cms.aldi.cx/is/image/aldiprodapac/1002344-1_FRESH-VEGETABLES_600x600?wid={width}&hei={height}&fit=crop&fmt=png-alpha","https://dm.apac.cms.aldi.cx/is/image/aldiprodapac/1002344-1_FRESH-VEGETABLES_600x600?hei={height}&fmt=png-alpha","https://dm.apac.cms.aldi.cx/is/image/aldiprodapac/1002344-1_FRESH-VEGETABLES_600x600?wid={width}&fmt=png-alpha",{"1-1-small":2321},{"maxHeight":997,"maxWidth":997,"ratio":999,"renditions":2322,"uriTemplate":2325},[2323],{"height":1008,"url":2324,"width":1008},"https://dm.apac.cms.aldi.cx/is/image/aldiprodapac/1002344-1_FRESH-VEGETABLES_600x600%3A1-1?wid=376&hei=376&fit=stretch&fmt=png-alpha",{"scaleHeight":2326,"scaleWidth":2327},"https://dm.apac.cms.aldi.cx/is/image/aldiprodapac/1002344-1_FRESH-VEGETABLES_600x600%3A1-1?hei={height}&fit=constrain&fmt=png-alpha","https://dm.apac.cms.aldi.cx/is/image/aldiprodapac/1002344-1_FRESH-VEGETABLES_600x600%3A1-1?wid={width}&fit=constrain&fmt=png-alpha",{"categoryId":2329,"thumbnailImage":2330},"1111111154",{":reference-type":993,"altText":2331,"originals":2332,"variants":2339},"1002344-1_SALADS_600x600.png",[2333],{"height":997,"path":2334,"ratio":999,"uriTemplate":2335,"width":997},"/content/dam/aldi/apac/au/editorial/online-merch-2023/category-icons/subcateogry/fruits---vegetables/1002344-1_SALADS_600x600.png",{"cropCenter":2336,"scaleHeight":2337,"scaleWidth":2338},"https://dm.apac.cms.aldi.cx/is/image/aldiprodapac/1002344-1_SALADS_600x600?wid={width}&hei={height}&fit=crop&fmt=png-alpha","https://dm.apac.cms.aldi.cx/is/image/aldiprodapac/1002344-1_SALADS_600x600?hei={height}&fmt=png-alpha","https://dm.apac.cms.aldi.cx/is/image/aldiprodapac/1002344-1_SALADS_600x600?wid={width}&fmt=png-alpha",{"1-1-small":2340},{"maxHeight":997,"maxWidth":997,"ratio":999,"renditions":2341,"uriTemplate":2344},[2342],{"height":1008,"url":2343,"width":1008},"https://dm.apac.cms.aldi.cx/is/image/aldiprodapac/1002344-1_SALADS_600x600%3A1-1?wid=376&hei=376&fit=stretch&fmt=png-alpha",{"scaleHeight":2345,"scaleWidth":2346},"https://dm.apac.cms.aldi.cx/is/image/aldiprodapac/1002344-1_SALADS_600x600%3A1-1?hei={height}&fit=constrain&fmt=png-alpha","https://dm.apac.cms.aldi.cx/is/image/aldiprodapac/1002344-1_SALADS_600x600%3A1-1?wid={width}&fit=constrain&fmt=png-alpha",{"categoryId":2348,"thumbnailImage":2349},"1111111155",{":reference-type":993,"altText":2350,"originals":2351,"variants":2358},"1002344-1_PREPARED-VEGES_600x600.png",[2352],{"height":997,"path":2353,"ratio":999,"uriTemplate":2354,"width":997},"/content/dam/aldi/apac/au/editorial/online-merch-2023/category-icons/subcateogry/fruits---vegetables/1002344-1_PREPARED-VEGES_600x600.png",{"cropCenter":2355,"scaleHeight":2356,"scaleWidth":2357},"https://dm.apac.cms.aldi.cx/is/image/aldiprodapac/1002344-1_PREPARED-VEGES_600x600?wid={width}&hei={height}&fit=crop&fmt=png-alpha","https://dm.apac.cms.aldi.cx/is/image/aldiprodapac/1002344-1_PREPARED-VEGES_600x600?hei={height}&fmt=png-alpha","https://dm.apac.cms.aldi.cx/is/image/aldiprodapac/1002344-1_PREPARED-VEGES_600x600?wid={width}&fmt=png-alpha",{"1-1-small":2359},{"maxHeight":997,"maxWidth":997,"ratio":999,"renditions":2360,"uriTemplate":2363},[2361],{"height":1008,"url":2362,"width":1008},"https://dm.apac.cms.aldi.cx/is/image/aldiprodapac/1002344-1_PREPARED-VEGES_600x600%3A1-1?wid=376&hei=376&fit=stretch&fmt=png-alpha",{"scaleHeight":2364,"scaleWidth":2365},"https://dm.apac.cms.aldi.cx/is/image/aldiprodapac/1002344-1_PREPARED-VEGES_600x600%3A1-1?hei={height}&fit=constrain&fmt=png-alpha","https://dm.apac.cms.aldi.cx/is/image/aldiprodapac/1002344-1_PREPARED-VEGES_600x600%3A1-1?wid={width}&fit=constrain&fmt=png-alpha",{"categoryId":2367,"thumbnailImage":2368},"1111111156",{":reference-type":993,"altText":2369,"originals":2370,"variants":2377},"1002344-1_FRESH-HERBS_600x600.png",[2371],{"height":997,"path":2372,"ratio":999,"uriTemplate":2373,"width":997},"/content/dam/aldi/apac/au/editorial/online-merch-2023/category-icons/subcateogry/010923/1002344-1_FRESH-HERBS_600x600.png",{"cropCenter":2374,"scaleHeight":2375,"scaleWidth":2376},"https://dm.apac.cms.aldi.cx/is/image/aldiprodapac/1002344-1_FRESH-HERBS_600x600-1?wid={width}&hei={height}&fit=crop&fmt=png-alpha","https://dm.apac.cms.aldi.cx/is/image/aldiprodapac/1002344-1_FRESH-HERBS_600x600-1?hei={height}&fmt=png-alpha","https://dm.apac.cms.aldi.cx/is/image/aldiprodapac/1002344-1_FRESH-HERBS_600x600-1?wid={width}&fmt=png-alpha",{"1-1-small":2378},{"maxHeight":997,"maxWidth":997,"ratio":999,"renditions":2379,"uriTemplate":2382},[2380],{"height":1008,"url":2381,"width":1008},"https://dm.apac.cms.aldi.cx/is/image/aldiprodapac/1002344-1_FRESH-HERBS_600x600-1%3A1-1?wid=376&hei=376&fit=stretch&fmt=png-alpha",{"scaleHeight":2383,"scaleWidth":2384},"https://dm.apac.cms.aldi.cx/is/image/aldiprodapac/1002344-1_FRESH-HERBS_600x600-1%3A1-1?hei={height}&fit=constrain&fmt=png-alpha","https://dm.apac.cms.aldi.cx/is/image/aldiprodapac/1002344-1_FRESH-HERBS_600x600-1%3A1-1?wid={width}&fit=constrain&fmt=png-alpha",{":reference-type":993,"altText":2386,"originals":2387,"variants":2394},"Fruits_Vegetables_CategoryThumbnails_600_600.jpg",[2388],{"height":997,"path":2389,"ratio":999,"uriTemplate":2390,"width":997},"/content/dam/aldi/apac/au/editorial/digitas-images-2025/placeholders/cat-thumbnails/Fruits_Vegetables_CategoryThumbnails_600_600.jpg",{"cropCenter":2391,"scaleHeight":2392,"scaleWidth":2393},"https://dm.apac.cms.aldi.cx/is/image/aldiprodapac/Fruits_Vegetables_CategoryThumbnails_600_600?wid={width}&hei={height}&fit=crop","https://dm.apac.cms.aldi.cx/is/image/aldiprodapac/Fruits_Vegetables_CategoryThumbnails_600_600?hei={height}","https://dm.apac.cms.aldi.cx/is/image/aldiprodapac/Fruits_Vegetables_CategoryThumbnails_600_600?wid={width}",{"1-1-small":2395},{"maxHeight":997,"maxWidth":997,"ratio":999,"renditions":2396,"uriTemplate":2399},[2397],{"height":1008,"url":2398,"width":1008},"https://dm.apac.cms.aldi.cx/is/image/aldiprodapac/Fruits_Vegetables_CategoryThumbnails_600_600%3A1-1?wid=376&hei=376&fit=stretch&qlt=85",{"scaleHeight":2400,"scaleWidth":2401},"https://dm.apac.cms.aldi.cx/is/image/aldiprodapac/Fruits_Vegetables_CategoryThumbnails_600_600%3A1-1?hei={height}&fit=constrain","https://dm.apac.cms.aldi.cx/is/image/aldiprodapac/Fruits_Vegetables_CategoryThumbnails_600_600%3A1-1?wid={width}&fit=constrain",{"categoryId":2403,"featurePage":2404,"subCategories":2408,"thumbnailImage":2580},"980000000",{":reference-type":984,"localPath":2405,"path":2406,"type":987,"url":2407},"/tools/clp/freezer","/content/aldi/apac/au/web/main/en/tools/clp/freezer","https://publish.prod.apac.cms.aldi.cx/content/aldi/apac/au/web/main/homepage/tools/clp/freezer.content.v1.api/content.json",[2409,2428,2447,2466,2485,2504,2523,2542,2561],{"categoryId":2410,"thumbnailImage":2411},"1111111191",{":reference-type":993,"altText":2412,"originals":2413,"variants":2420},"BeerBatterSteakCutChips_CategoryThumbnails_600_600.jpg",[2414],{"height":997,"path":2415,"ratio":999,"uriTemplate":2416,"width":997},"/content/dam/aldi/apac/au/editorial/digitas-images-2025/placeholders/cat-thumbnails/freezer/BeerBatterSteakCutChips_CategoryThumbnails_600_600.jpg",{"cropCenter":2417,"scaleHeight":2418,"scaleWidth":2419},"https://dm.apac.cms.aldi.cx/is/image/aldiprodapac/BeerBatterSteakCutChips_CategoryThumbnails_600_600?wid={width}&hei={height}&fit=crop","https://dm.apac.cms.aldi.cx/is/image/aldiprodapac/BeerBatterSteakCutChips_CategoryThumbnails_600_600?hei={height}","https://dm.apac.cms.aldi.cx/is/image/aldiprodapac/BeerBatterSteakCutChips_CategoryThumbnails_600_600?wid={width}",{"1-1-small":2421},{"maxHeight":997,"maxWidth":997,"ratio":999,"renditions":2422,"uriTemplate":2425},[2423],{"height":1008,"url":2424,"width":1008},"https://dm.apac.cms.aldi.cx/is/image/aldiprodapac/BeerBatterSteakCutChips_CategoryThumbnails_600_600%3A1-1?wid=376&hei=376&fit=stretch&qlt=85",{"scaleHeight":2426,"scaleWidth":2427},"https://dm.apac.cms.aldi.cx/is/image/aldiprodapac/BeerBatterSteakCutChips_CategoryThumbnails_600_600%3A1-1?hei={height}&fit=constrain","https://dm.apac.cms.aldi.cx/is/image/aldiprodapac/BeerBatterSteakCutChips_CategoryThumbnails_600_600%3A1-1?wid={width}&fit=constrain",{"categoryId":2429,"thumbnailImage":2430},"1111111192",{":reference-type":993,"altText":2431,"originals":2432,"variants":2439},"GreenBeans_CategoryThumbnails_600_600.jpg",[2433],{"height":997,"path":2434,"ratio":999,"uriTemplate":2435,"width":997},"/content/dam/aldi/apac/au/editorial/digitas-images-2025/placeholders/cat-thumbnails/freezer/GreenBeans_CategoryThumbnails_600_600.jpg",{"cropCenter":2436,"scaleHeight":2437,"scaleWidth":2438},"https://dm.apac.cms.aldi.cx/is/image/aldiprodapac/GreenBeans_CategoryThumbnails_600_600?wid={width}&hei={height}&fit=crop","https://dm.apac.cms.aldi.cx/is/image/aldiprodapac/GreenBeans_CategoryThumbnails_600_600?hei={height}","https://dm.apac.cms.aldi.cx/is/image/aldiprodapac/GreenBeans_CategoryThumbnails_600_600?wid={width}",{"1-1-small":2440},{"maxHeight":997,"maxWidth":997,"ratio":999,"renditions":2441,"uriTemplate":2444},[2442],{"height":1008,"url":2443,"width":1008},"https://dm.apac.cms.aldi.cx/is/image/aldiprodapac/GreenBeans_CategoryThumbnails_600_600%3A1-1?wid=376&hei=376&fit=stretch&qlt=85",{"scaleHeight":2445,"scaleWidth":2446},"https://dm.apac.cms.aldi.cx/is/image/aldiprodapac/GreenBeans_CategoryThumbnails_600_600%3A1-1?hei={height}&fit=constrain","https://dm.apac.cms.aldi.cx/is/image/aldiprodapac/GreenBeans_CategoryThumbnails_600_600%3A1-1?wid={width}&fit=constrain",{"categoryId":2448,"thumbnailImage":2449},"1111111193",{":reference-type":993,"altText":2450,"originals":2451,"variants":2458},"ChocolateCones4Pack_CategoryThumbnails_600_600.jpg",[2452],{"height":997,"path":2453,"ratio":999,"uriTemplate":2454,"width":997},"/content/dam/aldi/apac/au/editorial/digitas-images-2025/placeholders/cat-thumbnails/freezer/ChocolateCones4Pack_CategoryThumbnails_600_600.jpg",{"cropCenter":2455,"scaleHeight":2456,"scaleWidth":2457},"https://dm.apac.cms.aldi.cx/is/image/aldiprodapac/ChocolateCones4Pack_CategoryThumbnails_600_600?wid={width}&hei={height}&fit=crop","https://dm.apac.cms.aldi.cx/is/image/aldiprodapac/ChocolateCones4Pack_CategoryThumbnails_600_600?hei={height}","https://dm.apac.cms.aldi.cx/is/image/aldiprodapac/ChocolateCones4Pack_CategoryThumbnails_600_600?wid={width}",{"1-1-small":2459},{"maxHeight":997,"maxWidth":997,"ratio":999,"renditions":2460,"uriTemplate":2463},[2461],{"height":1008,"url":2462,"width":1008},"https://dm.apac.cms.aldi.cx/is/image/aldiprodapac/ChocolateCones4Pack_CategoryThumbnails_600_600%3A1-1?wid=376&hei=376&fit=stretch&qlt=85",{"scaleHeight":2464,"scaleWidth":2465},"https://dm.apac.cms.aldi.cx/is/image/aldiprodapac/ChocolateCones4Pack_CategoryThumbnails_600_600%3A1-1?hei={height}&fit=constrain","https://dm.apac.cms.aldi.cx/is/image/aldiprodapac/ChocolateCones4Pack_CategoryThumbnails_600_600%3A1-1?wid={width}&fit=constrain",{"categoryId":2467,"thumbnailImage":2468},"1111111194",{":reference-type":993,"altText":2469,"originals":2470,"variants":2477},"VanillaBeanGourmetIceCream1L_CategoryThumbnails_600_600.jpg",[2471],{"height":997,"path":2472,"ratio":999,"uriTemplate":2473,"width":997},"/content/dam/aldi/apac/au/editorial/digitas-images-2025/placeholders/cat-thumbnails/freezer/VanillaBeanGourmetIceCream1L_CategoryThumbnails_600_600.jpg",{"cropCenter":2474,"scaleHeight":2475,"scaleWidth":2476},"https://dm.apac.cms.aldi.cx/is/image/aldiprodapac/VanillaBeanGourmetIceCream1L_CategoryThumbnails_600_600?wid={width}&hei={height}&fit=crop","https://dm.apac.cms.aldi.cx/is/image/aldiprodapac/VanillaBeanGourmetIceCream1L_CategoryThumbnails_600_600?hei={height}","https://dm.apac.cms.aldi.cx/is/image/aldiprodapac/VanillaBeanGourmetIceCream1L_CategoryThumbnails_600_600?wid={width}",{"1-1-small":2478},{"maxHeight":997,"maxWidth":997,"ratio":999,"renditions":2479,"uriTemplate":2482},[2480],{"height":1008,"url":2481,"width":1008},"https://dm.apac.cms.aldi.cx/is/image/aldiprodapac/VanillaBeanGourmetIceCream1L_CategoryThumbnails_600_600%3A1-1?wid=376&hei=376&fit=stretch&qlt=85",{"scaleHeight":2483,"scaleWidth":2484},"https://dm.apac.cms.aldi.cx/is/image/aldiprodapac/VanillaBeanGourmetIceCream1L_CategoryThumbnails_600_600%3A1-1?hei={height}&fit=constrain","https://dm.apac.cms.aldi.cx/is/image/aldiprodapac/VanillaBeanGourmetIceCream1L_CategoryThumbnails_600_600%3A1-1?wid={width}&fit=constrain",{"categoryId":2486,"thumbnailImage":2487},"1111111195",{":reference-type":993,"altText":2488,"originals":2489,"variants":2496},"1002344-1_FROZEN-DESSERT_600x600.png",[2490],{"height":997,"path":2491,"ratio":999,"uriTemplate":2492,"width":997},"/content/dam/aldi/apac/au/editorial/online-merch-2023/category-icons/subcateogry/freezer/1002344-1_FROZEN-DESSERT_600x600.png",{"cropCenter":2493,"scaleHeight":2494,"scaleWidth":2495},"https://dm.apac.cms.aldi.cx/is/image/aldiprodapac/1002344-1_FROZEN-DESSERT_600x600?wid={width}&hei={height}&fit=crop&fmt=png-alpha","https://dm.apac.cms.aldi.cx/is/image/aldiprodapac/1002344-1_FROZEN-DESSERT_600x600?hei={height}&fmt=png-alpha","https://dm.apac.cms.aldi.cx/is/image/aldiprodapac/1002344-1_FROZEN-DESSERT_600x600?wid={width}&fmt=png-alpha",{"1-1-small":2497},{"maxHeight":997,"maxWidth":997,"ratio":999,"renditions":2498,"uriTemplate":2501},[2499],{"height":1008,"url":2500,"width":1008},"https://dm.apac.cms.aldi.cx/is/image/aldiprodapac/1002344-1_FROZEN-DESSERT_600x600%3A1-1?wid=376&hei=376&fit=stretch&fmt=png-alpha",{"scaleHeight":2502,"scaleWidth":2503},"https://dm.apac.cms.aldi.cx/is/image/aldiprodapac/1002344-1_FROZEN-DESSERT_600x600%3A1-1?hei={height}&fit=constrain&fmt=png-alpha","https://dm.apac.cms.aldi.cx/is/image/aldiprodapac/1002344-1_FROZEN-DESSERT_600x600%3A1-1?wid={width}&fit=constrain&fmt=png-alpha",{"categoryId":2505,"thumbnailImage":2506},"1111111196",{":reference-type":993,"altText":2507,"originals":2508,"variants":2515},"MeatLoversFamilyPizza_CategoryThumbnails_600_600.jpg",[2509],{"height":997,"path":2510,"ratio":999,"uriTemplate":2511,"width":997},"/content/dam/aldi/apac/au/editorial/digitas-images-2025/placeholders/cat-thumbnails/freezer/MeatLoversFamilyPizza_CategoryThumbnails_600_600.jpg",{"cropCenter":2512,"scaleHeight":2513,"scaleWidth":2514},"https://dm.apac.cms.aldi.cx/is/image/aldiprodapac/MeatLoversFamilyPizza_CategoryThumbnails_600_600?wid={width}&hei={height}&fit=crop","https://dm.apac.cms.aldi.cx/is/image/aldiprodapac/MeatLoversFamilyPizza_CategoryThumbnails_600_600?hei={height}","https://dm.apac.cms.aldi.cx/is/image/aldiprodapac/MeatLoversFamilyPizza_CategoryThumbnails_600_600?wid={width}",{"1-1-small":2516},{"maxHeight":997,"maxWidth":997,"ratio":999,"renditions":2517,"uriTemplate":2520},[2518],{"height":1008,"url":2519,"width":1008},"https://dm.apac.cms.aldi.cx/is/image/aldiprodapac/MeatLoversFamilyPizza_CategoryThumbnails_600_600%3A1-1?wid=376&hei=376&fit=stretch&qlt=85",{"scaleHeight":2521,"scaleWidth":2522},"https://dm.apac.cms.aldi.cx/is/image/aldiprodapac/MeatLoversFamilyPizza_CategoryThumbnails_600_600%3A1-1?hei={height}&fit=constrain","https://dm.apac.cms.aldi.cx/is/image/aldiprodapac/MeatLoversFamilyPizza_CategoryThumbnails_600_600%3A1-1?wid={width}&fit=constrain",{"categoryId":2524,"thumbnailImage":2525},"1111111197",{":reference-type":993,"altText":2526,"originals":2527,"variants":2534},"CrispyTempuraBatteredFishFillets_CategoryThumbnails_600_600.jpg",[2528],{"height":997,"path":2529,"ratio":999,"uriTemplate":2530,"width":997},"/content/dam/aldi/apac/au/editorial/digitas-images-2025/placeholders/cat-thumbnails/freezer/CrispyTempuraBatteredFishFillets_CategoryThumbnails_600_600.jpg",{"cropCenter":2531,"scaleHeight":2532,"scaleWidth":2533},"https://dm.apac.cms.aldi.cx/is/image/aldiprodapac/CrispyTempuraBatteredFishFillets_CategoryThumbnails_600_600?wid={width}&hei={height}&fit=crop","https://dm.apac.cms.aldi.cx/is/image/aldiprodapac/CrispyTempuraBatteredFishFillets_CategoryThumbnails_600_600?hei={height}","https://dm.apac.cms.aldi.cx/is/image/aldiprodapac/CrispyTempuraBatteredFishFillets_CategoryThumbnails_600_600?wid={width}",{"1-1-small":2535},{"maxHeight":997,"maxWidth":997,"ratio":999,"renditions":2536,"uriTemplate":2539},[2537],{"height":1008,"url":2538,"width":1008},"https://dm.apac.cms.aldi.cx/is/image/aldiprodapac/CrispyTempuraBatteredFishFillets_CategoryThumbnails_600_600%3A1-1?wid=376&hei=376&fit=stretch&qlt=85",{"scaleHeight":2540,"scaleWidth":2541},"https://dm.apac.cms.aldi.cx/is/image/aldiprodapac/CrispyTempuraBatteredFishFillets_CategoryThumbnails_600_600%3A1-1?hei={height}&fit=constrain","https://dm.apac.cms.aldi.cx/is/image/aldiprodapac/CrispyTempuraBatteredFishFillets_CategoryThumbnails_600_600%3A1-1?wid={width}&fit=constrain",{"categoryId":2543,"thumbnailImage":2544},"1111111198",{":reference-type":993,"altText":2545,"originals":2546,"variants":2553},"LemonPepperChickenWithPeaMash_CategoryThumbnails_600_600.jpg",[2547],{"height":997,"path":2548,"ratio":999,"uriTemplate":2549,"width":997},"/content/dam/aldi/apac/au/editorial/digitas-images-2025/placeholders/cat-thumbnails/freezer/LemonPepperChickenWithPeaMash_CategoryThumbnails_600_600.jpg",{"cropCenter":2550,"scaleHeight":2551,"scaleWidth":2552},"https://dm.apac.cms.aldi.cx/is/image/aldiprodapac/LemonPepperChickenWithPeaMash_CategoryThumbnails_600_600?wid={width}&hei={height}&fit=crop","https://dm.apac.cms.aldi.cx/is/image/aldiprodapac/LemonPepperChickenWithPeaMash_CategoryThumbnails_600_600?hei={height}","https://dm.apac.cms.aldi.cx/is/image/aldiprodapac/LemonPepperChickenWithPeaMash_CategoryThumbnails_600_600?wid={width}",{"1-1-small":2554},{"maxHeight":997,"maxWidth":997,"ratio":999,"renditions":2555,"uriTemplate":2558},[2556],{"height":1008,"url":2557,"width":1008},"https://dm.apac.cms.aldi.cx/is/image/aldiprodapac/LemonPepperChickenWithPeaMash_CategoryThumbnails_600_600%3A1-1?wid=376&hei=376&fit=stretch&qlt=85",{"scaleHeight":2559,"scaleWidth":2560},"https://dm.apac.cms.aldi.cx/is/image/aldiprodapac/LemonPepperChickenWithPeaMash_CategoryThumbnails_600_600%3A1-1?hei={height}&fit=constrain","https://dm.apac.cms.aldi.cx/is/image/aldiprodapac/LemonPepperChickenWithPeaMash_CategoryThumbnails_600_600%3A1-1?wid={width}&fit=constrain",{"categoryId":2562,"thumbnailImage":2563},"1111111199",{":reference-type":993,"altText":2564,"originals":2565,"variants":2572},"PartyPies24Pack_CategoryThumbnails_600_600.jpg",[2566],{"height":997,"path":2567,"ratio":999,"uriTemplate":2568,"width":997},"/content/dam/aldi/apac/au/editorial/digitas-images-2025/placeholders/cat-thumbnails/freezer/PartyPies24Pack_CategoryThumbnails_600_600.jpg",{"cropCenter":2569,"scaleHeight":2570,"scaleWidth":2571},"https://dm.apac.cms.aldi.cx/is/image/aldiprodapac/PartyPies24Pack_CategoryThumbnails_600_600?wid={width}&hei={height}&fit=crop","https://dm.apac.cms.aldi.cx/is/image/aldiprodapac/PartyPies24Pack_CategoryThumbnails_600_600?hei={height}","https://dm.apac.cms.aldi.cx/is/image/aldiprodapac/PartyPies24Pack_CategoryThumbnails_600_600?wid={width}",{"1-1-small":2573},{"maxHeight":997,"maxWidth":997,"ratio":999,"renditions":2574,"uriTemplate":2577},[2575],{"height":1008,"url":2576,"width":1008},"https://dm.apac.cms.aldi.cx/is/image/aldiprodapac/PartyPies24Pack_CategoryThumbnails_600_600%3A1-1?wid=376&hei=376&fit=stretch&qlt=85",{"scaleHeight":2578,"scaleWidth":2579},"https://dm.apac.cms.aldi.cx/is/image/aldiprodapac/PartyPies24Pack_CategoryThumbnails_600_600%3A1-1?hei={height}&fit=constrain","https://dm.apac.cms.aldi.cx/is/image/aldiprodapac/PartyPies24Pack_CategoryThumbnails_600_600%3A1-1?wid={width}&fit=constrain",{":reference-type":993,"altText":2581,"originals":2582,"variants":2589},"Freezer_CategoryThumbnails_600_600.jpg",[2583],{"height":997,"path":2584,"ratio":999,"uriTemplate":2585,"width":997},"/content/dam/aldi/apac/au/editorial/digitas-images-2025/placeholders/cat-thumbnails/Freezer_CategoryThumbnails_600_600.jpg",{"cropCenter":2586,"scaleHeight":2587,"scaleWidth":2588},"https://dm.apac.cms.aldi.cx/is/image/aldiprodapac/Freezer_CategoryThumbnails_600_600?wid={width}&hei={height}&fit=crop","https://dm.apac.cms.aldi.cx/is/image/aldiprodapac/Freezer_CategoryThumbnails_600_600?hei={height}","https://dm.apac.cms.aldi.cx/is/image/aldiprodapac/Freezer_CategoryThumbnails_600_600?wid={width}",{"1-1-small":2590},{"maxHeight":997,"maxWidth":997,"ratio":999,"renditions":2591,"uriTemplate":2594},[2592],{"height":1008,"url":2593,"width":1008},"https://dm.apac.cms.aldi.cx/is/image/aldiprodapac/Freezer_CategoryThumbnails_600_600%3A1-1?wid=376&hei=376&fit=stretch&qlt=85",{"scaleHeight":2595,"scaleWidth":2596},"https://dm.apac.cms.aldi.cx/is/image/aldiprodapac/Freezer_CategoryThumbnails_600_600%3A1-1?hei={height}&fit=constrain","https://dm.apac.cms.aldi.cx/is/image/aldiprodapac/Freezer_CategoryThumbnails_600_600%3A1-1?wid={width}&fit=constrain",{"categoryId":2598,"featurePage":2599,"subCategories":2603,"thumbnailImage":2625},"1020000000",{":reference-type":984,"localPath":2600,"path":2601,"type":987,"url":2602},"/tools/clp/pets","/content/aldi/apac/au/web/main/en/tools/clp/pets","https://publish.prod.apac.cms.aldi.cx/content/aldi/apac/au/web/main/homepage/tools/clp/pets.content.v1.api/content.json",[2604,2623],{"categoryId":2605,"thumbnailImage":2606},"1111111227",{":reference-type":993,"altText":2607,"originals":2608,"variants":2615},"Pets Category Thumbnails - 3",[2609],{"height":997,"path":2610,"ratio":999,"uriTemplate":2611,"width":997},"/content/dam/aldi/apac/au/editorial/digitas-images-2025/placeholders/cat-thumbnails/CatKitten_CategoryThumbnail_600x600_2.jpg",{"cropCenter":2612,"scaleHeight":2613,"scaleWidth":2614},"https://dm.apac.cms.aldi.cx/is/image/aldiprodapac/CatKitten_CategoryThumbnail_600x600_2?wid={width}&hei={height}&fit=crop","https://dm.apac.cms.aldi.cx/is/image/aldiprodapac/CatKitten_CategoryThumbnail_600x600_2?hei={height}","https://dm.apac.cms.aldi.cx/is/image/aldiprodapac/CatKitten_CategoryThumbnail_600x600_2?wid={width}",{"1-1-small":2616},{"maxHeight":997,"maxWidth":997,"ratio":999,"renditions":2617,"uriTemplate":2620},[2618],{"height":1008,"url":2619,"width":1008},"https://dm.apac.cms.aldi.cx/is/image/aldiprodapac/CatKitten_CategoryThumbnail_600x600_2%3A1-1?wid=376&hei=376&fit=stretch&qlt=85",{"scaleHeight":2621,"scaleWidth":2622},"https://dm.apac.cms.aldi.cx/is/image/aldiprodapac/CatKitten_CategoryThumbnail_600x600_2%3A1-1?hei={height}&fit=constrain","https://dm.apac.cms.aldi.cx/is/image/aldiprodapac/CatKitten_CategoryThumbnail_600x600_2%3A1-1?wid={width}&fit=constrain",{"categoryId":2624},"1111111228",{":reference-type":993,"altText":2626,"originals":2627,"variants":2634},"Pets_CategoryThumbnails_600_600.jpg",[2628],{"height":1973,"path":2629,"ratio":1975,"uriTemplate":2630,"width":997},"/content/dam/aldi/apac/au/editorial/digitas-images-2025/placeholders/cat-thumbnails/Pets_CategoryThumbnails_600_600.jpg",{"cropCenter":2631,"scaleHeight":2632,"scaleWidth":2633},"https://dm.apac.cms.aldi.cx/is/image/aldiprodapac/Pets_CategoryThumbnails_600_600?wid={width}&hei={height}&fit=crop","https://dm.apac.cms.aldi.cx/is/image/aldiprodapac/Pets_CategoryThumbnails_600_600?hei={height}","https://dm.apac.cms.aldi.cx/is/image/aldiprodapac/Pets_CategoryThumbnails_600_600?wid={width}",{"1-1-small":2635},{"maxHeight":997,"maxWidth":997,"ratio":999,"renditions":2636,"uriTemplate":2639},[2637],{"height":1008,"url":2638,"width":1008},"https://dm.apac.cms.aldi.cx/is/image/aldiprodapac/Pets_CategoryThumbnails_600_600%3A1-1?wid=376&hei=376&fit=stretch&qlt=85",{"scaleHeight":2640,"scaleWidth":2641},"https://dm.apac.cms.aldi.cx/is/image/aldiprodapac/Pets_CategoryThumbnails_600_600%3A1-1?hei={height}&fit=constrain","https://dm.apac.cms.aldi.cx/is/image/aldiprodapac/Pets_CategoryThumbnails_600_600%3A1-1?wid={width}&fit=constrain",{"categoryId":2643,"featurePage":2644,"subCategories":2648,"thumbnailImage":2820},"1050000000",{":reference-type":984,"localPath":2645,"path":2646,"type":987,"url":2647},"/tools/clp/cleaning-household","/content/aldi/apac/au/web/main/en/tools/clp/cleaning-household","https://publish.prod.apac.cms.aldi.cx/content/aldi/apac/au/web/main/homepage/tools/clp/cleaning-household.content.v1.api/content.json",[2649,2668,2687,2706,2725,2744,2763,2782,2801],{"categoryId":2650,"thumbnailImage":2651},"1111111262",{":reference-type":993,"altText":2652,"originals":2653,"variants":2660},"1002344-1_AIR-FRESHENER-FRAGRANCES_600x600.png",[2654],{"height":997,"path":2655,"ratio":999,"uriTemplate":2656,"width":997},"/content/dam/aldi/apac/au/editorial/online-merch-2023/category-icons/subcateogry/010923/1002344-1_AIR-FRESHENER-FRAGRANCES_600x600.png",{"cropCenter":2657,"scaleHeight":2658,"scaleWidth":2659},"https://dm.apac.cms.aldi.cx/is/image/aldiprodapac/1002344-1_AIR-FRESHENER-FRAGRANCES_600x600-1?wid={width}&hei={height}&fit=crop&fmt=png-alpha","https://dm.apac.cms.aldi.cx/is/image/aldiprodapac/1002344-1_AIR-FRESHENER-FRAGRANCES_600x600-1?hei={height}&fmt=png-alpha","https://dm.apac.cms.aldi.cx/is/image/aldiprodapac/1002344-1_AIR-FRESHENER-FRAGRANCES_600x600-1?wid={width}&fmt=png-alpha",{"1-1-small":2661},{"maxHeight":997,"maxWidth":997,"ratio":999,"renditions":2662,"uriTemplate":2665},[2663],{"height":1008,"url":2664,"width":1008},"https://dm.apac.cms.aldi.cx/is/image/aldiprodapac/1002344-1_AIR-FRESHENER-FRAGRANCES_600x600-1%3A1-1?wid=376&hei=376&fit=stretch&fmt=png-alpha",{"scaleHeight":2666,"scaleWidth":2667},"https://dm.apac.cms.aldi.cx/is/image/aldiprodapac/1002344-1_AIR-FRESHENER-FRAGRANCES_600x600-1%3A1-1?hei={height}&fit=constrain&fmt=png-alpha","https://dm.apac.cms.aldi.cx/is/image/aldiprodapac/1002344-1_AIR-FRESHENER-FRAGRANCES_600x600-1%3A1-1?wid={width}&fit=constrain&fmt=png-alpha",{"categoryId":2669,"thumbnailImage":2670},"1111111254",{":reference-type":993,"altText":2671,"originals":2672,"variants":2679},"1002344-1_BATHROOM_600x600.png",[2673],{"height":997,"path":2674,"ratio":999,"uriTemplate":2675,"width":997},"/content/dam/aldi/apac/au/editorial/online-merch-2023/category-icons/subcateogry/010923/1002344-1_BATHROOM_600x600.png",{"cropCenter":2676,"scaleHeight":2677,"scaleWidth":2678},"https://dm.apac.cms.aldi.cx/is/image/aldiprodapac/1002344-1_BATHROOM_600x600-1?wid={width}&hei={height}&fit=crop&fmt=png-alpha","https://dm.apac.cms.aldi.cx/is/image/aldiprodapac/1002344-1_BATHROOM_600x600-1?hei={height}&fmt=png-alpha","https://dm.apac.cms.aldi.cx/is/image/aldiprodapac/1002344-1_BATHROOM_600x600-1?wid={width}&fmt=png-alpha",{"1-1-small":2680},{"maxHeight":997,"maxWidth":997,"ratio":999,"renditions":2681,"uriTemplate":2684},[2682],{"height":1008,"url":2683,"width":1008},"https://dm.apac.cms.aldi.cx/is/image/aldiprodapac/1002344-1_BATHROOM_600x600-1%3A1-1?wid=376&hei=376&fit=stretch&fmt=png-alpha",{"scaleHeight":2685,"scaleWidth":2686},"https://dm.apac.cms.aldi.cx/is/image/aldiprodapac/1002344-1_BATHROOM_600x600-1%3A1-1?hei={height}&fit=constrain&fmt=png-alpha","https://dm.apac.cms.aldi.cx/is/image/aldiprodapac/1002344-1_BATHROOM_600x600-1%3A1-1?wid={width}&fit=constrain&fmt=png-alpha",{"categoryId":2688,"thumbnailImage":2689},"1111111253",{":reference-type":993,"altText":2690,"originals":2691,"variants":2698},"1002344-1_CLEANING_600x600.png",[2692],{"height":997,"path":2693,"ratio":999,"uriTemplate":2694,"width":997},"/content/dam/aldi/apac/au/editorial/online-merch-2023/category-icons/subcateogry/010923/1002344-1_CLEANING_600x600.png",{"cropCenter":2695,"scaleHeight":2696,"scaleWidth":2697},"https://dm.apac.cms.aldi.cx/is/image/aldiprodapac/1002344-1_CLEANING_600x600-1?wid={width}&hei={height}&fit=crop&fmt=png-alpha","https://dm.apac.cms.aldi.cx/is/image/aldiprodapac/1002344-1_CLEANING_600x600-1?hei={height}&fmt=png-alpha","https://dm.apac.cms.aldi.cx/is/image/aldiprodapac/1002344-1_CLEANING_600x600-1?wid={width}&fmt=png-alpha",{"1-1-small":2699},{"maxHeight":997,"maxWidth":997,"ratio":999,"renditions":2700,"uriTemplate":2703},[2701],{"height":1008,"url":2702,"width":1008},"https://dm.apac.cms.aldi.cx/is/image/aldiprodapac/1002344-1_CLEANING_600x600-1%3A1-1?wid=376&hei=376&fit=stretch&fmt=png-alpha",{"scaleHeight":2704,"scaleWidth":2705},"https://dm.apac.cms.aldi.cx/is/image/aldiprodapac/1002344-1_CLEANING_600x600-1%3A1-1?hei={height}&fit=constrain&fmt=png-alpha","https://dm.apac.cms.aldi.cx/is/image/aldiprodapac/1002344-1_CLEANING_600x600-1%3A1-1?wid={width}&fit=constrain&fmt=png-alpha",{"categoryId":2707,"thumbnailImage":2708},"1111111255",{":reference-type":993,"altText":2709,"originals":2710,"variants":2717},"1002344-1_KITCHEN_600x600.png",[2711],{"height":997,"path":2712,"ratio":999,"uriTemplate":2713,"width":997},"/content/dam/aldi/apac/au/editorial/online-merch-2023/category-icons/subcateogry/010923/1002344-1_KITCHEN_600x600.png",{"cropCenter":2714,"scaleHeight":2715,"scaleWidth":2716},"https://dm.apac.cms.aldi.cx/is/image/aldiprodapac/1002344-1_KITCHEN_600x600-1?wid={width}&hei={height}&fit=crop&fmt=png-alpha","https://dm.apac.cms.aldi.cx/is/image/aldiprodapac/1002344-1_KITCHEN_600x600-1?hei={height}&fmt=png-alpha","https://dm.apac.cms.aldi.cx/is/image/aldiprodapac/1002344-1_KITCHEN_600x600-1?wid={width}&fmt=png-alpha",{"1-1-small":2718},{"maxHeight":997,"maxWidth":997,"ratio":999,"renditions":2719,"uriTemplate":2722},[2720],{"height":1008,"url":2721,"width":1008},"https://dm.apac.cms.aldi.cx/is/image/aldiprodapac/1002344-1_KITCHEN_600x600-1%3A1-1?wid=376&hei=376&fit=stretch&fmt=png-alpha",{"scaleHeight":2723,"scaleWidth":2724},"https://dm.apac.cms.aldi.cx/is/image/aldiprodapac/1002344-1_KITCHEN_600x600-1%3A1-1?hei={height}&fit=constrain&fmt=png-alpha","https://dm.apac.cms.aldi.cx/is/image/aldiprodapac/1002344-1_KITCHEN_600x600-1%3A1-1?wid={width}&fit=constrain&fmt=png-alpha",{"categoryId":2726,"thumbnailImage":2727},"1111111252",{":reference-type":993,"altText":2728,"originals":2729,"variants":2736},"1002344-1_LAUNDRY_600x600.png",[2730],{"height":997,"path":2731,"ratio":999,"uriTemplate":2732,"width":997},"/content/dam/aldi/apac/au/editorial/online-merch-2023/category-icons/subcateogry/010923/1002344-1_LAUNDRY_600x600.png",{"cropCenter":2733,"scaleHeight":2734,"scaleWidth":2735},"https://dm.apac.cms.aldi.cx/is/image/aldiprodapac/1002344-1_LAUNDRY_600x600-1?wid={width}&hei={height}&fit=crop&fmt=png-alpha","https://dm.apac.cms.aldi.cx/is/image/aldiprodapac/1002344-1_LAUNDRY_600x600-1?hei={height}&fmt=png-alpha","https://dm.apac.cms.aldi.cx/is/image/aldiprodapac/1002344-1_LAUNDRY_600x600-1?wid={width}&fmt=png-alpha",{"1-1-small":2737},{"maxHeight":997,"maxWidth":997,"ratio":999,"renditions":2738,"uriTemplate":2741},[2739],{"height":1008,"url":2740,"width":1008},"https://dm.apac.cms.aldi.cx/is/image/aldiprodapac/1002344-1_LAUNDRY_600x600-1%3A1-1?wid=376&hei=376&fit=stretch&fmt=png-alpha",{"scaleHeight":2742,"scaleWidth":2743},"https://dm.apac.cms.aldi.cx/is/image/aldiprodapac/1002344-1_LAUNDRY_600x600-1%3A1-1?hei={height}&fit=constrain&fmt=png-alpha","https://dm.apac.cms.aldi.cx/is/image/aldiprodapac/1002344-1_LAUNDRY_600x600-1%3A1-1?wid={width}&fit=constrain&fmt=png-alpha",{"categoryId":2745,"thumbnailImage":2746},"1111111263",{":reference-type":993,"altText":2747,"originals":2748,"variants":2755},"1002344-1_PARTY-ENTERTAINMENT_600x600.png",[2749],{"height":997,"path":2750,"ratio":999,"uriTemplate":2751,"width":997},"/content/dam/aldi/apac/au/editorial/online-merch-2023/category-icons/subcateogry/cleaning---household/1002344-1_PARTY-ENTERTAINMENT_600x600.png",{"cropCenter":2752,"scaleHeight":2753,"scaleWidth":2754},"https://dm.apac.cms.aldi.cx/is/image/aldiprodapac/1002344-1_PARTY-ENTERTAINMENT_600x600?wid={width}&hei={height}&fit=crop&fmt=png-alpha","https://dm.apac.cms.aldi.cx/is/image/aldiprodapac/1002344-1_PARTY-ENTERTAINMENT_600x600?hei={height}&fmt=png-alpha","https://dm.apac.cms.aldi.cx/is/image/aldiprodapac/1002344-1_PARTY-ENTERTAINMENT_600x600?wid={width}&fmt=png-alpha",{"1-1-small":2756},{"maxHeight":997,"maxWidth":997,"ratio":999,"renditions":2757,"uriTemplate":2760},[2758],{"height":1008,"url":2759,"width":1008},"https://dm.apac.cms.aldi.cx/is/image/aldiprodapac/1002344-1_PARTY-ENTERTAINMENT_600x600%3A1-1?wid=376&hei=376&fit=stretch&fmt=png-alpha",{"scaleHeight":2761,"scaleWidth":2762},"https://dm.apac.cms.aldi.cx/is/image/aldiprodapac/1002344-1_PARTY-ENTERTAINMENT_600x600%3A1-1?hei={height}&fit=constrain&fmt=png-alpha","https://dm.apac.cms.aldi.cx/is/image/aldiprodapac/1002344-1_PARTY-ENTERTAINMENT_600x600%3A1-1?wid={width}&fit=constrain&fmt=png-alpha",{"categoryId":2764,"thumbnailImage":2765},"1111111256",{":reference-type":993,"altText":2766,"originals":2767,"variants":2774},"1002344-1_PEST-CONTROL_600x600.png",[2768],{"height":997,"path":2769,"ratio":999,"uriTemplate":2770,"width":997},"/content/dam/aldi/apac/au/editorial/online-merch-2023/category-icons/subcateogry/010923/1002344-1_PEST-CONTROL_600x600.png",{"cropCenter":2771,"scaleHeight":2772,"scaleWidth":2773},"https://dm.apac.cms.aldi.cx/is/image/aldiprodapac/1002344-1_PEST-CONTROL_600x600-1?wid={width}&hei={height}&fit=crop&fmt=png-alpha","https://dm.apac.cms.aldi.cx/is/image/aldiprodapac/1002344-1_PEST-CONTROL_600x600-1?hei={height}&fmt=png-alpha","https://dm.apac.cms.aldi.cx/is/image/aldiprodapac/1002344-1_PEST-CONTROL_600x600-1?wid={width}&fmt=png-alpha",{"1-1-small":2775},{"maxHeight":997,"maxWidth":997,"ratio":999,"renditions":2776,"uriTemplate":2779},[2777],{"height":1008,"url":2778,"width":1008},"https://dm.apac.cms.aldi.cx/is/image/aldiprodapac/1002344-1_PEST-CONTROL_600x600-1%3A1-1?wid=376&hei=376&fit=stretch&fmt=png-alpha",{"scaleHeight":2780,"scaleWidth":2781},"https://dm.apac.cms.aldi.cx/is/image/aldiprodapac/1002344-1_PEST-CONTROL_600x600-1%3A1-1?hei={height}&fit=constrain&fmt=png-alpha","https://dm.apac.cms.aldi.cx/is/image/aldiprodapac/1002344-1_PEST-CONTROL_600x600-1%3A1-1?wid={width}&fit=constrain&fmt=png-alpha",{"categoryId":2783,"thumbnailImage":2784},"1111111260",{":reference-type":993,"altText":2785,"originals":2786,"variants":2793},"1002344-1_TOILET-PAPER-TISSUES-PAPER-TOWELS_600x600.png",[2787],{"height":997,"path":2788,"ratio":999,"uriTemplate":2789,"width":997},"/content/dam/aldi/apac/au/editorial/online-merch-2023/category-icons/subcateogry/cleaning---household/1002344-1_TOILET-PAPER-TISSUES-PAPER-TOWELS_600x600.png",{"cropCenter":2790,"scaleHeight":2791,"scaleWidth":2792},"https://dm.apac.cms.aldi.cx/is/image/aldiprodapac/1002344-1_TOILET-PAPER-TISSUES-PAPER-TOWELS_600x600?wid={width}&hei={height}&fit=crop&fmt=png-alpha","https://dm.apac.cms.aldi.cx/is/image/aldiprodapac/1002344-1_TOILET-PAPER-TISSUES-PAPER-TOWELS_600x600?hei={height}&fmt=png-alpha","https://dm.apac.cms.aldi.cx/is/image/aldiprodapac/1002344-1_TOILET-PAPER-TISSUES-PAPER-TOWELS_600x600?wid={width}&fmt=png-alpha",{"1-1-small":2794},{"maxHeight":997,"maxWidth":997,"ratio":999,"renditions":2795,"uriTemplate":2798},[2796],{"height":1008,"url":2797,"width":1008},"https://dm.apac.cms.aldi.cx/is/image/aldiprodapac/1002344-1_TOILET-PAPER-TISSUES-PAPER-TOWELS_600x600%3A1-1?wid=376&hei=376&fit=stretch&fmt=png-alpha",{"scaleHeight":2799,"scaleWidth":2800},"https://dm.apac.cms.aldi.cx/is/image/aldiprodapac/1002344-1_TOILET-PAPER-TISSUES-PAPER-TOWELS_600x600%3A1-1?hei={height}&fit=constrain&fmt=png-alpha","https://dm.apac.cms.aldi.cx/is/image/aldiprodapac/1002344-1_TOILET-PAPER-TISSUES-PAPER-TOWELS_600x600%3A1-1?wid={width}&fit=constrain&fmt=png-alpha",{"categoryId":2802,"thumbnailImage":2803},"1111111258",{":reference-type":993,"altText":2804,"originals":2805,"variants":2812},"1002344-1_HOME-ESSENTIALS_600x600.png",[2806],{"height":997,"path":2807,"ratio":999,"uriTemplate":2808,"width":997},"/content/dam/aldi/apac/au/editorial/online-merch-2023/category-icons/subcateogry/cleaning---household/1002344-1_HOME-ESSENTIALS_600x600.png",{"cropCenter":2809,"scaleHeight":2810,"scaleWidth":2811},"https://dm.apac.cms.aldi.cx/is/image/aldiprodapac/1002344-1_HOME-ESSENTIALS_600x600?wid={width}&hei={height}&fit=crop&fmt=png-alpha","https://dm.apac.cms.aldi.cx/is/image/aldiprodapac/1002344-1_HOME-ESSENTIALS_600x600?hei={height}&fmt=png-alpha","https://dm.apac.cms.aldi.cx/is/image/aldiprodapac/1002344-1_HOME-ESSENTIALS_600x600?wid={width}&fmt=png-alpha",{"1-1-small":2813},{"maxHeight":997,"maxWidth":997,"ratio":999,"renditions":2814,"uriTemplate":2817},[2815],{"height":1008,"url":2816,"width":1008},"https://dm.apac.cms.aldi.cx/is/image/aldiprodapac/1002344-1_HOME-ESSENTIALS_600x600%3A1-1?wid=376&hei=376&fit=stretch&fmt=png-alpha",{"scaleHeight":2818,"scaleWidth":2819},"https://dm.apac.cms.aldi.cx/is/image/aldiprodapac/1002344-1_HOME-ESSENTIALS_600x600%3A1-1?hei={height}&fit=constrain&fmt=png-alpha","https://dm.apac.cms.aldi.cx/is/image/aldiprodapac/1002344-1_HOME-ESSENTIALS_600x600%3A1-1?wid={width}&fit=constrain&fmt=png-alpha",{":reference-type":993,"altText":2821,"originals":2822,"variants":2829},"CleaningHousehold_CategoryThumbnails_600_600.jpg",[2823],{"height":997,"path":2824,"ratio":999,"uriTemplate":2825,"width":997},"/content/dam/aldi/apac/au/editorial/digitas-images-2025/placeholders/cat-thumbnails/CleaningHousehold_CategoryThumbnails_600_600.jpg",{"cropCenter":2826,"scaleHeight":2827,"scaleWidth":2828},"https://dm.apac.cms.aldi.cx/is/image/aldiprodapac/CleaningHousehold_CategoryThumbnails_600_600?wid={width}&hei={height}&fit=crop","https://dm.apac.cms.aldi.cx/is/image/aldiprodapac/CleaningHousehold_CategoryThumbnails_600_600?hei={height}","https://dm.apac.cms.aldi.cx/is/image/aldiprodapac/CleaningHousehold_CategoryThumbnails_600_600?wid={width}",{"1-1-small":2830},{"maxHeight":997,"maxWidth":997,"ratio":999,"renditions":2831,"uriTemplate":2834},[2832],{"height":1008,"url":2833,"width":1008},"https://dm.apac.cms.aldi.cx/is/image/aldiprodapac/CleaningHousehold_CategoryThumbnails_600_600%3A1-1?wid=376&hei=376&fit=stretch&qlt=85",{"scaleHeight":2835,"scaleWidth":2836},"https://dm.apac.cms.aldi.cx/is/image/aldiprodapac/CleaningHousehold_CategoryThumbnails_600_600%3A1-1?hei={height}&fit=constrain","https://dm.apac.cms.aldi.cx/is/image/aldiprodapac/CleaningHousehold_CategoryThumbnails_600_600%3A1-1?wid={width}&fit=constrain",{"categoryId":2838,"featurePage":2839,"subCategories":2843,"thumbnailImage":2939},"930000000",{":reference-type":984,"localPath":2840,"path":2841,"type":987,"url":2842},"/tools/clp/deli-chilled-meats","/content/aldi/apac/au/web/main/en/tools/clp/deli-chilled-meats","https://publish.prod.apac.cms.aldi.cx/content/aldi/apac/au/web/main/homepage/tools/clp/deli-chilled-meats.content.v1.api/content.json",[2844,2863,2882,2901,2920],{"categoryId":2845,"thumbnailImage":2846},"1111111137",{":reference-type":993,"altText":2847,"originals":2848,"variants":2855},"1002344-1_DELI-MEATS_600x600.png",[2849],{"height":997,"path":2850,"ratio":999,"uriTemplate":2851,"width":997},"/content/dam/aldi/apac/au/editorial/online-merch-2023/category-icons/subcateogry/deli---chilled-meats/1002344-1_DELI-MEATS_600x600.png",{"cropCenter":2852,"scaleHeight":2853,"scaleWidth":2854},"https://dm.apac.cms.aldi.cx/is/image/aldiprodapac/1002344-1_DELI-MEATS_600x600?wid={width}&hei={height}&fit=crop&fmt=png-alpha","https://dm.apac.cms.aldi.cx/is/image/aldiprodapac/1002344-1_DELI-MEATS_600x600?hei={height}&fmt=png-alpha","https://dm.apac.cms.aldi.cx/is/image/aldiprodapac/1002344-1_DELI-MEATS_600x600?wid={width}&fmt=png-alpha",{"1-1-small":2856},{"maxHeight":997,"maxWidth":997,"ratio":999,"renditions":2857,"uriTemplate":2860},[2858],{"height":1008,"url":2859,"width":1008},"https://dm.apac.cms.aldi.cx/is/image/aldiprodapac/1002344-1_DELI-MEATS_600x600%3A1-1?wid=376&hei=376&fit=stretch&fmt=png-alpha",{"scaleHeight":2861,"scaleWidth":2862},"https://dm.apac.cms.aldi.cx/is/image/aldiprodapac/1002344-1_DELI-MEATS_600x600%3A1-1?hei={height}&fit=constrain&fmt=png-alpha","https://dm.apac.cms.aldi.cx/is/image/aldiprodapac/1002344-1_DELI-MEATS_600x600%3A1-1?wid={width}&fit=constrain&fmt=png-alpha",{"categoryId":2864,"thumbnailImage":2865},"1111111138",{":reference-type":993,"altText":2866,"originals":2867,"variants":2874},"1002344-1_DIPS-SPREADS_600x600.png",[2868],{"height":997,"path":2869,"ratio":999,"uriTemplate":2870,"width":997},"/content/dam/aldi/apac/au/editorial/online-merch-2023/category-icons/subcateogry/deli---chilled-meats/1002344-1_DIPS-SPREADS_600x600.png",{"cropCenter":2871,"scaleHeight":2872,"scaleWidth":2873},"https://dm.apac.cms.aldi.cx/is/image/aldiprodapac/1002344-1_DIPS-SPREADS_600x600?wid={width}&hei={height}&fit=crop&fmt=png-alpha","https://dm.apac.cms.aldi.cx/is/image/aldiprodapac/1002344-1_DIPS-SPREADS_600x600?hei={height}&fmt=png-alpha","https://dm.apac.cms.aldi.cx/is/image/aldiprodapac/1002344-1_DIPS-SPREADS_600x600?wid={width}&fmt=png-alpha",{"1-1-small":2875},{"maxHeight":997,"maxWidth":997,"ratio":999,"renditions":2876,"uriTemplate":2879},[2877],{"height":1008,"url":2878,"width":1008},"https://dm.apac.cms.aldi.cx/is/image/aldiprodapac/1002344-1_DIPS-SPREADS_600x600%3A1-1?wid=376&hei=376&fit=stretch&fmt=png-alpha",{"scaleHeight":2880,"scaleWidth":2881},"https://dm.apac.cms.aldi.cx/is/image/aldiprodapac/1002344-1_DIPS-SPREADS_600x600%3A1-1?hei={height}&fit=constrain&fmt=png-alpha","https://dm.apac.cms.aldi.cx/is/image/aldiprodapac/1002344-1_DIPS-SPREADS_600x600%3A1-1?wid={width}&fit=constrain&fmt=png-alpha",{"categoryId":2883,"thumbnailImage":2884},"1111111140",{":reference-type":993,"altText":2885,"originals":2886,"variants":2893},"1002344-1_ANTIPASTO_600x600.png",[2887],{"height":997,"path":2888,"ratio":999,"uriTemplate":2889,"width":997},"/content/dam/aldi/apac/au/editorial/online-merch-2023/category-icons/subcateogry/deli---chilled-meats/1002344-1_ANTIPASTO_600x600.png",{"cropCenter":2890,"scaleHeight":2891,"scaleWidth":2892},"https://dm.apac.cms.aldi.cx/is/image/aldiprodapac/1002344-1_ANTIPASTO_600x600?wid={width}&hei={height}&fit=crop&fmt=png-alpha","https://dm.apac.cms.aldi.cx/is/image/aldiprodapac/1002344-1_ANTIPASTO_600x600?hei={height}&fmt=png-alpha","https://dm.apac.cms.aldi.cx/is/image/aldiprodapac/1002344-1_ANTIPASTO_600x600?wid={width}&fmt=png-alpha",{"1-1-small":2894},{"maxHeight":997,"maxWidth":997,"ratio":999,"renditions":2895,"uriTemplate":2898},[2896],{"height":1008,"url":2897,"width":1008},"https://dm.apac.cms.aldi.cx/is/image/aldiprodapac/1002344-1_ANTIPASTO_600x600%3A1-1?wid=376&hei=376&fit=stretch&fmt=png-alpha",{"scaleHeight":2899,"scaleWidth":2900},"https://dm.apac.cms.aldi.cx/is/image/aldiprodapac/1002344-1_ANTIPASTO_600x600%3A1-1?hei={height}&fit=constrain&fmt=png-alpha","https://dm.apac.cms.aldi.cx/is/image/aldiprodapac/1002344-1_ANTIPASTO_600x600%3A1-1?wid={width}&fit=constrain&fmt=png-alpha",{"categoryId":2902,"thumbnailImage":2903},"1111111141",{":reference-type":993,"altText":2904,"originals":2905,"variants":2912},"1002344-1_DELI-CHILLED-MEATS-LUNCHBOX_600x600.png",[2906],{"height":997,"path":2907,"ratio":999,"uriTemplate":2908,"width":997},"/content/dam/aldi/apac/au/editorial/online-merch-2023/category-icons/subcateogry/deli---chilled-meats/1002344-1_DELI-CHILLED-MEATS-LUNCHBOX_600x600.png",{"cropCenter":2909,"scaleHeight":2910,"scaleWidth":2911},"https://dm.apac.cms.aldi.cx/is/image/aldiprodapac/1002344-1_DELI-CHILLED-MEATS-LUNCHBOX_600x600?wid={width}&hei={height}&fit=crop&fmt=png-alpha","https://dm.apac.cms.aldi.cx/is/image/aldiprodapac/1002344-1_DELI-CHILLED-MEATS-LUNCHBOX_600x600?hei={height}&fmt=png-alpha","https://dm.apac.cms.aldi.cx/is/image/aldiprodapac/1002344-1_DELI-CHILLED-MEATS-LUNCHBOX_600x600?wid={width}&fmt=png-alpha",{"1-1-small":2913},{"maxHeight":997,"maxWidth":997,"ratio":999,"renditions":2914,"uriTemplate":2917},[2915],{"height":1008,"url":2916,"width":1008},"https://dm.apac.cms.aldi.cx/is/image/aldiprodapac/1002344-1_DELI-CHILLED-MEATS-LUNCHBOX_600x600%3A1-1?wid=376&hei=376&fit=stretch&fmt=png-alpha",{"scaleHeight":2918,"scaleWidth":2919},"https://dm.apac.cms.aldi.cx/is/image/aldiprodapac/1002344-1_DELI-CHILLED-MEATS-LUNCHBOX_600x600%3A1-1?hei={height}&fit=constrain&fmt=png-alpha","https://dm.apac.cms.aldi.cx/is/image/aldiprodapac/1002344-1_DELI-CHILLED-MEATS-LUNCHBOX_600x600%3A1-1?wid={width}&fit=constrain&fmt=png-alpha",{"categoryId":2921,"thumbnailImage":2922},"1588161407775081",{":reference-type":993,"altText":2923,"originals":2924,"variants":2931},"1002344-1_VEGETARIAN-VEGAN_600x600.png",[2925],{"height":997,"path":2926,"ratio":999,"uriTemplate":2927,"width":997},"/content/dam/aldi/apac/au/editorial/online-merch-2023/category-icons/subcateogry/deli---chilled-meats/1002344-1_VEGETARIAN-VEGAN_600x600.png",{"cropCenter":2928,"scaleHeight":2929,"scaleWidth":2930},"https://dm.apac.cms.aldi.cx/is/image/aldiprodapac/1002344-1_VEGETARIAN-VEGAN_600x600?wid={width}&hei={height}&fit=crop&fmt=png-alpha","https://dm.apac.cms.aldi.cx/is/image/aldiprodapac/1002344-1_VEGETARIAN-VEGAN_600x600?hei={height}&fmt=png-alpha","https://dm.apac.cms.aldi.cx/is/image/aldiprodapac/1002344-1_VEGETARIAN-VEGAN_600x600?wid={width}&fmt=png-alpha",{"1-1-small":2932},{"maxHeight":997,"maxWidth":997,"ratio":999,"renditions":2933,"uriTemplate":2936},[2934],{"height":1008,"url":2935,"width":1008},"https://dm.apac.cms.aldi.cx/is/image/aldiprodapac/1002344-1_VEGETARIAN-VEGAN_600x600%3A1-1?wid=376&hei=376&fit=stretch&fmt=png-alpha",{"scaleHeight":2937,"scaleWidth":2938},"https://dm.apac.cms.aldi.cx/is/image/aldiprodapac/1002344-1_VEGETARIAN-VEGAN_600x600%3A1-1?hei={height}&fit=constrain&fmt=png-alpha","https://dm.apac.cms.aldi.cx/is/image/aldiprodapac/1002344-1_VEGETARIAN-VEGAN_600x600%3A1-1?wid={width}&fit=constrain&fmt=png-alpha",{":reference-type":993,"altText":2940,"originals":2941,"variants":2948},"Deli_CategoryThumbnails_600_600.jpg",[2942],{"height":997,"path":2943,"ratio":999,"uriTemplate":2944,"width":997},"/content/dam/aldi/apac/au/editorial/digitas-images-2025/placeholders/cat-thumbnails/Deli_CategoryThumbnails_600_600.jpg",{"cropCenter":2945,"scaleHeight":2946,"scaleWidth":2947},"https://dm.apac.cms.aldi.cx/is/image/aldiprodapac/Deli_CategoryThumbnails_600_600?wid={width}&hei={height}&fit=crop","https://dm.apac.cms.aldi.cx/is/image/aldiprodapac/Deli_CategoryThumbnails_600_600?hei={height}","https://dm.apac.cms.aldi.cx/is/image/aldiprodapac/Deli_CategoryThumbnails_600_600?wid={width}",{"1-1-small":2949},{"maxHeight":997,"maxWidth":997,"ratio":999,"renditions":2950,"uriTemplate":2953},[2951],{"height":1008,"url":2952,"width":1008},"https://dm.apac.cms.aldi.cx/is/image/aldiprodapac/Deli_CategoryThumbnails_600_600%3A1-1?wid=376&hei=376&fit=stretch&qlt=85",{"scaleHeight":2954,"scaleWidth":2955},"https://dm.apac.cms.aldi.cx/is/image/aldiprodapac/Deli_CategoryThumbnails_600_600%3A1-1?hei={height}&fit=constrain","https://dm.apac.cms.aldi.cx/is/image/aldiprodapac/Deli_CategoryThumbnails_600_600%3A1-1?wid={width}&fit=constrain",{"categoryId":2957,"featurePage":2958,"subCategories":2962,"thumbnailImage":3190},"960000000",{":reference-type":984,"localPath":2959,"path":2960,"type":987,"url":2961},"/tools/clp/dairy-eggs-fridge","/content/aldi/apac/au/web/main/en/tools/clp/dairy-eggs-fridge","https://publish.prod.apac.cms.aldi.cx/content/aldi/apac/au/web/main/homepage/tools/clp/dairy-eggs-fridge.content.v1.api/content.json",[2963,2982,3001,3020,3039,3058,3077,3096,3115,3134,3153,3171],{"categoryId":2964,"thumbnailImage":2965},"1111111160",{":reference-type":993,"altText":2966,"originals":2967,"variants":2974},"1002344-1_MILK_600x600.png",[2968],{"height":997,"path":2969,"ratio":999,"uriTemplate":2970,"width":997},"/content/dam/aldi/apac/au/editorial/online-merch-2023/category-icons/subcateogry/010923/1002344-1_MILK_600x600.png",{"cropCenter":2971,"scaleHeight":2972,"scaleWidth":2973},"https://dm.apac.cms.aldi.cx/is/image/aldiprodapac/1002344-1_MILK_600x600-1?wid={width}&hei={height}&fit=crop&fmt=png-alpha","https://dm.apac.cms.aldi.cx/is/image/aldiprodapac/1002344-1_MILK_600x600-1?hei={height}&fmt=png-alpha","https://dm.apac.cms.aldi.cx/is/image/aldiprodapac/1002344-1_MILK_600x600-1?wid={width}&fmt=png-alpha",{"1-1-small":2975},{"maxHeight":997,"maxWidth":997,"ratio":999,"renditions":2976,"uriTemplate":2979},[2977],{"height":1008,"url":2978,"width":1008},"https://dm.apac.cms.aldi.cx/is/image/aldiprodapac/1002344-1_MILK_600x600-1%3A1-1?wid=376&hei=376&fit=stretch&fmt=png-alpha",{"scaleHeight":2980,"scaleWidth":2981},"https://dm.apac.cms.aldi.cx/is/image/aldiprodapac/1002344-1_MILK_600x600-1%3A1-1?hei={height}&fit=constrain&fmt=png-alpha","https://dm.apac.cms.aldi.cx/is/image/aldiprodapac/1002344-1_MILK_600x600-1%3A1-1?wid={width}&fit=constrain&fmt=png-alpha",{"categoryId":2983,"thumbnailImage":2984},"1111111161",{":reference-type":993,"altText":2985,"originals":2986,"variants":2993},"1002344-1_LONG-LIFE-MILK_600x600.png",[2987],{"height":997,"path":2988,"ratio":999,"uriTemplate":2989,"width":997},"/content/dam/aldi/apac/au/editorial/online-merch-2023/category-icons/subcateogry/dairy,-eggs---fridge/1002344-1_LONG-LIFE-MILK_600x600.png",{"cropCenter":2990,"scaleHeight":2991,"scaleWidth":2992},"https://dm.apac.cms.aldi.cx/is/image/aldiprodapac/1002344-1_LONG-LIFE-MILK_600x600?wid={width}&hei={height}&fit=crop&fmt=png-alpha","https://dm.apac.cms.aldi.cx/is/image/aldiprodapac/1002344-1_LONG-LIFE-MILK_600x600?hei={height}&fmt=png-alpha","https://dm.apac.cms.aldi.cx/is/image/aldiprodapac/1002344-1_LONG-LIFE-MILK_600x600?wid={width}&fmt=png-alpha",{"1-1-small":2994},{"maxHeight":997,"maxWidth":997,"ratio":999,"renditions":2995,"uriTemplate":2998},[2996],{"height":1008,"url":2997,"width":1008},"https://dm.apac.cms.aldi.cx/is/image/aldiprodapac/1002344-1_LONG-LIFE-MILK_600x600%3A1-1?wid=376&hei=376&fit=stretch&fmt=png-alpha",{"scaleHeight":2999,"scaleWidth":3000},"https://dm.apac.cms.aldi.cx/is/image/aldiprodapac/1002344-1_LONG-LIFE-MILK_600x600%3A1-1?hei={height}&fit=constrain&fmt=png-alpha","https://dm.apac.cms.aldi.cx/is/image/aldiprodapac/1002344-1_LONG-LIFE-MILK_600x600%3A1-1?wid={width}&fit=constrain&fmt=png-alpha",{"categoryId":3002,"thumbnailImage":3003},"1111111162",{":reference-type":993,"altText":3004,"originals":3005,"variants":3012},"Pets Category Thumbnails - 7",[3006],{"height":997,"path":3007,"ratio":999,"uriTemplate":3008,"width":997},"/content/dam/aldi/apac/au/editorial/digitas-images-2025/placeholders/cat-thumbnails/dairy_eggs_fridge/Eggs_CategoryThumbnail_600x600_2.jpg",{"cropCenter":3009,"scaleHeight":3010,"scaleWidth":3011},"https://dm.apac.cms.aldi.cx/is/image/aldiprodapac/Eggs_CategoryThumbnail_600x600_2?wid={width}&hei={height}&fit=crop","https://dm.apac.cms.aldi.cx/is/image/aldiprodapac/Eggs_CategoryThumbnail_600x600_2?hei={height}","https://dm.apac.cms.aldi.cx/is/image/aldiprodapac/Eggs_CategoryThumbnail_600x600_2?wid={width}",{"1-1-small":3013},{"maxHeight":997,"maxWidth":997,"ratio":999,"renditions":3014,"uriTemplate":3017},[3015],{"height":1008,"url":3016,"width":1008},"https://dm.apac.cms.aldi.cx/is/image/aldiprodapac/Eggs_CategoryThumbnail_600x600_2%3A1-1?wid=376&hei=376&fit=stretch&qlt=85",{"scaleHeight":3018,"scaleWidth":3019},"https://dm.apac.cms.aldi.cx/is/image/aldiprodapac/Eggs_CategoryThumbnail_600x600_2%3A1-1?hei={height}&fit=constrain","https://dm.apac.cms.aldi.cx/is/image/aldiprodapac/Eggs_CategoryThumbnail_600x600_2%3A1-1?wid={width}&fit=constrain",{"categoryId":3021,"thumbnailImage":3022},"1111111163",{":reference-type":993,"altText":3023,"originals":3024,"variants":3031},"403493_WESTACRE_TASTY_CHEESE_600x600-2.png",[3025],{"height":997,"path":3026,"ratio":999,"uriTemplate":3027,"width":997},"/content/dam/aldi/apac/au/editorial/online-merch-2023/category-icons/subcateogry/dairy,-eggs---fridge/403493_WESTACRE_TASTY_CHEESE_600x600-2.png",{"cropCenter":3028,"scaleHeight":3029,"scaleWidth":3030},"https://dm.apac.cms.aldi.cx/is/image/aldiprodapac/403493_WESTACRE_TASTY_CHEESE_600x600-2?wid={width}&hei={height}&fit=crop&fmt=png-alpha","https://dm.apac.cms.aldi.cx/is/image/aldiprodapac/403493_WESTACRE_TASTY_CHEESE_600x600-2?hei={height}&fmt=png-alpha","https://dm.apac.cms.aldi.cx/is/image/aldiprodapac/403493_WESTACRE_TASTY_CHEESE_600x600-2?wid={width}&fmt=png-alpha",{"1-1-small":3032},{"maxHeight":997,"maxWidth":997,"ratio":999,"renditions":3033,"uriTemplate":3036},[3034],{"height":1008,"url":3035,"width":1008},"https://dm.apac.cms.aldi.cx/is/image/aldiprodapac/403493_WESTACRE_TASTY_CHEESE_600x600-2%3A1-1?wid=376&hei=376&fit=stretch&fmt=png-alpha",{"scaleHeight":3037,"scaleWidth":3038},"https://dm.apac.cms.aldi.cx/is/image/aldiprodapac/403493_WESTACRE_TASTY_CHEESE_600x600-2%3A1-1?hei={height}&fit=constrain&fmt=png-alpha","https://dm.apac.cms.aldi.cx/is/image/aldiprodapac/403493_WESTACRE_TASTY_CHEESE_600x600-2%3A1-1?wid={width}&fit=constrain&fmt=png-alpha",{"categoryId":3040,"thumbnailImage":3041},"1111111164",{":reference-type":993,"altText":3042,"originals":3043,"variants":3050},"1002344-1_YOGHURT_600x600.png",[3044],{"height":997,"path":3045,"ratio":999,"uriTemplate":3046,"width":997},"/content/dam/aldi/apac/au/editorial/online-merch-2023/category-icons/subcateogry/dairy,-eggs---fridge/1002344-1_YOGHURT_600x600.png",{"cropCenter":3047,"scaleHeight":3048,"scaleWidth":3049},"https://dm.apac.cms.aldi.cx/is/image/aldiprodapac/1002344-1_YOGHURT_600x600?wid={width}&hei={height}&fit=crop&fmt=png-alpha","https://dm.apac.cms.aldi.cx/is/image/aldiprodapac/1002344-1_YOGHURT_600x600?hei={height}&fmt=png-alpha","https://dm.apac.cms.aldi.cx/is/image/aldiprodapac/1002344-1_YOGHURT_600x600?wid={width}&fmt=png-alpha",{"1-1-small":3051},{"maxHeight":997,"maxWidth":997,"ratio":999,"renditions":3052,"uriTemplate":3055},[3053],{"height":1008,"url":3054,"width":1008},"https://dm.apac.cms.aldi.cx/is/image/aldiprodapac/1002344-1_YOGHURT_600x600%3A1-1?wid=376&hei=376&fit=stretch&fmt=png-alpha",{"scaleHeight":3056,"scaleWidth":3057},"https://dm.apac.cms.aldi.cx/is/image/aldiprodapac/1002344-1_YOGHURT_600x600%3A1-1?hei={height}&fit=constrain&fmt=png-alpha","https://dm.apac.cms.aldi.cx/is/image/aldiprodapac/1002344-1_YOGHURT_600x600%3A1-1?wid={width}&fit=constrain&fmt=png-alpha",{"categoryId":3059,"thumbnailImage":3060},"1111111165",{":reference-type":993,"altText":3061,"originals":3062,"variants":3069},"1002344-1_CREAM-CUSTARDS_600x600.png",[3063],{"height":997,"path":3064,"ratio":999,"uriTemplate":3065,"width":997},"/content/dam/aldi/apac/au/editorial/online-merch-2023/category-icons/subcateogry/dairy,-eggs---fridge/1002344-1_CREAM-CUSTARDS_600x600.png",{"cropCenter":3066,"scaleHeight":3067,"scaleWidth":3068},"https://dm.apac.cms.aldi.cx/is/image/aldiprodapac/1002344-1_CREAM-CUSTARDS_600x600?wid={width}&hei={height}&fit=crop&fmt=png-alpha","https://dm.apac.cms.aldi.cx/is/image/aldiprodapac/1002344-1_CREAM-CUSTARDS_600x600?hei={height}&fmt=png-alpha","https://dm.apac.cms.aldi.cx/is/image/aldiprodapac/1002344-1_CREAM-CUSTARDS_600x600?wid={width}&fmt=png-alpha",{"1-1-small":3070},{"maxHeight":997,"maxWidth":997,"ratio":999,"renditions":3071,"uriTemplate":3074},[3072],{"height":1008,"url":3073,"width":1008},"https://dm.apac.cms.aldi.cx/is/image/aldiprodapac/1002344-1_CREAM-CUSTARDS_600x600%3A1-1?wid=376&hei=376&fit=stretch&fmt=png-alpha",{"scaleHeight":3075,"scaleWidth":3076},"https://dm.apac.cms.aldi.cx/is/image/aldiprodapac/1002344-1_CREAM-CUSTARDS_600x600%3A1-1?hei={height}&fit=constrain&fmt=png-alpha","https://dm.apac.cms.aldi.cx/is/image/aldiprodapac/1002344-1_CREAM-CUSTARDS_600x600%3A1-1?wid={width}&fit=constrain&fmt=png-alpha",{"categoryId":3078,"thumbnailImage":3079},"1111111166",{":reference-type":993,"altText":3080,"originals":3081,"variants":3088},"1002344-1_BUTTER-SPREADS_600x600.png",[3082],{"height":997,"path":3083,"ratio":999,"uriTemplate":3084,"width":997},"/content/dam/aldi/apac/au/editorial/online-merch-2023/category-icons/subcateogry/dairy,-eggs---fridge/1002344-1_BUTTER-SPREADS_600x600.png",{"cropCenter":3085,"scaleHeight":3086,"scaleWidth":3087},"https://dm.apac.cms.aldi.cx/is/image/aldiprodapac/1002344-1_BUTTER-SPREADS_600x600?wid={width}&hei={height}&fit=crop&fmt=png-alpha","https://dm.apac.cms.aldi.cx/is/image/aldiprodapac/1002344-1_BUTTER-SPREADS_600x600?hei={height}&fmt=png-alpha","https://dm.apac.cms.aldi.cx/is/image/aldiprodapac/1002344-1_BUTTER-SPREADS_600x600?wid={width}&fmt=png-alpha",{"1-1-small":3089},{"maxHeight":997,"maxWidth":997,"ratio":999,"renditions":3090,"uriTemplate":3093},[3091],{"height":1008,"url":3092,"width":1008},"https://dm.apac.cms.aldi.cx/is/image/aldiprodapac/1002344-1_BUTTER-SPREADS_600x600%3A1-1?wid=376&hei=376&fit=stretch&fmt=png-alpha",{"scaleHeight":3094,"scaleWidth":3095},"https://dm.apac.cms.aldi.cx/is/image/aldiprodapac/1002344-1_BUTTER-SPREADS_600x600%3A1-1?hei={height}&fit=constrain&fmt=png-alpha","https://dm.apac.cms.aldi.cx/is/image/aldiprodapac/1002344-1_BUTTER-SPREADS_600x600%3A1-1?wid={width}&fit=constrain&fmt=png-alpha",{"categoryId":3097,"thumbnailImage":3098},"1111111167",{":reference-type":993,"altText":3099,"originals":3100,"variants":3107},"1002344-1_DAIRY-EGGS-FRIDGE-LUNCHBOX_600x600.png",[3101],{"height":997,"path":3102,"ratio":999,"uriTemplate":3103,"width":997},"/content/dam/aldi/apac/au/editorial/online-merch-2023/category-icons/subcateogry/dairy,-eggs---fridge/1002344-1_DAIRY-EGGS-FRIDGE-LUNCHBOX_600x600.png",{"cropCenter":3104,"scaleHeight":3105,"scaleWidth":3106},"https://dm.apac.cms.aldi.cx/is/image/aldiprodapac/1002344-1_DAIRY-EGGS-FRIDGE-LUNCHBOX_600x600?wid={width}&hei={height}&fit=crop&fmt=png-alpha","https://dm.apac.cms.aldi.cx/is/image/aldiprodapac/1002344-1_DAIRY-EGGS-FRIDGE-LUNCHBOX_600x600?hei={height}&fmt=png-alpha","https://dm.apac.cms.aldi.cx/is/image/aldiprodapac/1002344-1_DAIRY-EGGS-FRIDGE-LUNCHBOX_600x600?wid={width}&fmt=png-alpha",{"1-1-small":3108},{"maxHeight":997,"maxWidth":997,"ratio":999,"renditions":3109,"uriTemplate":3112},[3110],{"height":1008,"url":3111,"width":1008},"https://dm.apac.cms.aldi.cx/is/image/aldiprodapac/1002344-1_DAIRY-EGGS-FRIDGE-LUNCHBOX_600x600%3A1-1?wid=376&hei=376&fit=stretch&fmt=png-alpha",{"scaleHeight":3113,"scaleWidth":3114},"https://dm.apac.cms.aldi.cx/is/image/aldiprodapac/1002344-1_DAIRY-EGGS-FRIDGE-LUNCHBOX_600x600%3A1-1?hei={height}&fit=constrain&fmt=png-alpha","https://dm.apac.cms.aldi.cx/is/image/aldiprodapac/1002344-1_DAIRY-EGGS-FRIDGE-LUNCHBOX_600x600%3A1-1?wid={width}&fit=constrain&fmt=png-alpha",{"categoryId":3116,"thumbnailImage":3117},"1588161408332096",{":reference-type":993,"altText":3118,"originals":3119,"variants":3126},"1002344-1_DESERTS_600x600.png",[3120],{"height":997,"path":3121,"ratio":999,"uriTemplate":3122,"width":997},"/content/dam/aldi/apac/au/editorial/online-merch-2023/category-icons/subcateogry/deli---chilled-meats/1002344-1_DESERTS_600x600.png",{"cropCenter":3123,"scaleHeight":3124,"scaleWidth":3125},"https://dm.apac.cms.aldi.cx/is/image/aldiprodapac/1002344-1_DESERTS_600x600?wid={width}&hei={height}&fit=crop&fmt=png-alpha","https://dm.apac.cms.aldi.cx/is/image/aldiprodapac/1002344-1_DESERTS_600x600?hei={height}&fmt=png-alpha","https://dm.apac.cms.aldi.cx/is/image/aldiprodapac/1002344-1_DESERTS_600x600?wid={width}&fmt=png-alpha",{"1-1-small":3127},{"maxHeight":997,"maxWidth":997,"ratio":999,"renditions":3128,"uriTemplate":3131},[3129],{"height":1008,"url":3130,"width":1008},"https://dm.apac.cms.aldi.cx/is/image/aldiprodapac/1002344-1_DESERTS_600x600%3A1-1?wid=376&hei=376&fit=stretch&fmt=png-alpha",{"scaleHeight":3132,"scaleWidth":3133},"https://dm.apac.cms.aldi.cx/is/image/aldiprodapac/1002344-1_DESERTS_600x600%3A1-1?hei={height}&fit=constrain&fmt=png-alpha","https://dm.apac.cms.aldi.cx/is/image/aldiprodapac/1002344-1_DESERTS_600x600%3A1-1?wid={width}&fit=constrain&fmt=png-alpha",{"categoryId":3135,"thumbnailImage":3136},"1588161408332097",{":reference-type":993,"altText":3137,"originals":3138,"variants":3145},"1002344-1_CHILLED-PREP-MEAL_600x600.png",[3139],{"height":997,"path":3140,"ratio":999,"uriTemplate":3141,"width":997},"/content/dam/aldi/apac/au/editorial/online-merch-2023/category-icons/subcateogry/convenience/1002344-1_CHILLED-PREP-MEAL_600x600.png",{"cropCenter":3142,"scaleHeight":3143,"scaleWidth":3144},"https://dm.apac.cms.aldi.cx/is/image/aldiprodapac/1002344-1_CHILLED-PREP-MEAL_600x600?wid={width}&hei={height}&fit=crop&fmt=png-alpha","https://dm.apac.cms.aldi.cx/is/image/aldiprodapac/1002344-1_CHILLED-PREP-MEAL_600x600?hei={height}&fmt=png-alpha","https://dm.apac.cms.aldi.cx/is/image/aldiprodapac/1002344-1_CHILLED-PREP-MEAL_600x600?wid={width}&fmt=png-alpha",{"1-1-small":3146},{"maxHeight":997,"maxWidth":997,"ratio":999,"renditions":3147,"uriTemplate":3150},[3148],{"height":1008,"url":3149,"width":1008},"https://dm.apac.cms.aldi.cx/is/image/aldiprodapac/1002344-1_CHILLED-PREP-MEAL_600x600%3A1-1?wid=376&hei=376&fit=stretch&fmt=png-alpha",{"scaleHeight":3151,"scaleWidth":3152},"https://dm.apac.cms.aldi.cx/is/image/aldiprodapac/1002344-1_CHILLED-PREP-MEAL_600x600%3A1-1?hei={height}&fit=constrain&fmt=png-alpha","https://dm.apac.cms.aldi.cx/is/image/aldiprodapac/1002344-1_CHILLED-PREP-MEAL_600x600%3A1-1?wid={width}&fit=constrain&fmt=png-alpha",{"categoryId":1110,"thumbnailImage":3154},{":reference-type":993,"altText":3155,"originals":3156,"variants":3163},"1002344-1_PREPARED-MEALS_600x600.png",[3157],{"height":997,"path":3158,"ratio":999,"uriTemplate":3159,"width":997},"/content/dam/aldi/apac/au/editorial/online-merch-2023/category-icons/subcateogry/deli---chilled-meats/1002344-1_PREPARED-MEALS_600x600.png",{"cropCenter":3160,"scaleHeight":3161,"scaleWidth":3162},"https://dm.apac.cms.aldi.cx/is/image/aldiprodapac/1002344-1_PREPARED-MEALS_600x600?wid={width}&hei={height}&fit=crop&fmt=png-alpha","https://dm.apac.cms.aldi.cx/is/image/aldiprodapac/1002344-1_PREPARED-MEALS_600x600?hei={height}&fmt=png-alpha","https://dm.apac.cms.aldi.cx/is/image/aldiprodapac/1002344-1_PREPARED-MEALS_600x600?wid={width}&fmt=png-alpha",{"1-1-small":3164},{"maxHeight":997,"maxWidth":997,"ratio":999,"renditions":3165,"uriTemplate":3168},[3166],{"height":1008,"url":3167,"width":1008},"https://dm.apac.cms.aldi.cx/is/image/aldiprodapac/1002344-1_PREPARED-MEALS_600x600%3A1-1?wid=376&hei=376&fit=stretch&fmt=png-alpha",{"scaleHeight":3169,"scaleWidth":3170},"https://dm.apac.cms.aldi.cx/is/image/aldiprodapac/1002344-1_PREPARED-MEALS_600x600%3A1-1?hei={height}&fit=constrain&fmt=png-alpha","https://dm.apac.cms.aldi.cx/is/image/aldiprodapac/1002344-1_PREPARED-MEALS_600x600%3A1-1?wid={width}&fit=constrain&fmt=png-alpha",{"categoryId":3172,"thumbnailImage":3173},"1588161424169216",{":reference-type":993,"altText":3174,"originals":3175,"variants":3182},"DairyEggsFridgeMealKits_CategoryThumbnails_600_600.jpg",[3176],{"height":997,"path":3177,"ratio":999,"uriTemplate":3178,"width":997},"/content/dam/aldi/apac/au/editorial/digitas-images-2025/placeholders/cat-thumbnails/DairyEggsFridgeMealKits_CategoryThumbnails_600_600.jpg",{"cropCenter":3179,"scaleHeight":3180,"scaleWidth":3181},"https://dm.apac.cms.aldi.cx/is/image/aldiprodapac/DairyEggsFridgeMealKits_CategoryThumbnails_600_600?wid={width}&hei={height}&fit=crop","https://dm.apac.cms.aldi.cx/is/image/aldiprodapac/DairyEggsFridgeMealKits_CategoryThumbnails_600_600?hei={height}","https://dm.apac.cms.aldi.cx/is/image/aldiprodapac/DairyEggsFridgeMealKits_CategoryThumbnails_600_600?wid={width}",{"1-1-small":3183},{"maxHeight":997,"maxWidth":997,"ratio":999,"renditions":3184,"uriTemplate":3187},[3185],{"height":1008,"url":3186,"width":1008},"https://dm.apac.cms.aldi.cx/is/image/aldiprodapac/DairyEggsFridgeMealKits_CategoryThumbnails_600_600%3A1-1?wid=376&hei=376&fit=stretch&qlt=85",{"scaleHeight":3188,"scaleWidth":3189},"https://dm.apac.cms.aldi.cx/is/image/aldiprodapac/DairyEggsFridgeMealKits_CategoryThumbnails_600_600%3A1-1?hei={height}&fit=constrain","https://dm.apac.cms.aldi.cx/is/image/aldiprodapac/DairyEggsFridgeMealKits_CategoryThumbnails_600_600%3A1-1?wid={width}&fit=constrain",{":reference-type":993,"altText":3191,"originals":3192,"variants":3199},"DairyEggsFridge_CategoryThumbnails_600_600.jpg",[3193],{"height":997,"path":3194,"ratio":999,"uriTemplate":3195,"width":997},"/content/dam/aldi/apac/au/editorial/digitas-images-2025/placeholders/cat-thumbnails/DairyEggsFridge_CategoryThumbnails_600_600.jpg",{"cropCenter":3196,"scaleHeight":3197,"scaleWidth":3198},"https://dm.apac.cms.aldi.cx/is/image/aldiprodapac/DairyEggsFridge_CategoryThumbnails_600_600?wid={width}&hei={height}&fit=crop","https://dm.apac.cms.aldi.cx/is/image/aldiprodapac/DairyEggsFridge_CategoryThumbnails_600_600?hei={height}","https://dm.apac.cms.aldi.cx/is/image/aldiprodapac/DairyEggsFridge_CategoryThumbnails_600_600?wid={width}",{"1-1-small":3200},{"maxHeight":997,"maxWidth":997,"ratio":999,"renditions":3201,"uriTemplate":3204},[3202],{"height":1008,"url":3203,"width":1008},"https://dm.apac.cms.aldi.cx/is/image/aldiprodapac/DairyEggsFridge_CategoryThumbnails_600_600%3A1-1?wid=376&hei=376&fit=stretch&qlt=85",{"scaleHeight":3205,"scaleWidth":3206},"https://dm.apac.cms.aldi.cx/is/image/aldiprodapac/DairyEggsFridge_CategoryThumbnails_600_600%3A1-1?hei={height}&fit=constrain","https://dm.apac.cms.aldi.cx/is/image/aldiprodapac/DairyEggsFridge_CategoryThumbnails_600_600%3A1-1?wid={width}&fit=constrain",{"categoryId":3208,"featurePage":3209,"thumbnailImage":3213},"1588161420755354",{":reference-type":984,"localPath":3210,"path":3211,"type":987,"url":3212},"/tools/clp/easter","/content/aldi/apac/au/web/main/en/tools/clp/easter","https://publish.prod.apac.cms.aldi.cx/content/aldi/apac/au/web/main/homepage/tools/clp/easter.content.v1.api/content.json",{":reference-type":993,"altText":3214,"originals":3215,"variants":3222},"Easter_CategoryThumbnails_600_600.jpg",[3216],{"height":997,"path":3217,"ratio":999,"uriTemplate":3218,"width":997},"/content/dam/aldi/apac/au/editorial/digitas-images-2025/placeholders/cat-thumbnails/Easter_CategoryThumbnails_600_600.jpg",{"cropCenter":3219,"scaleHeight":3220,"scaleWidth":3221},"https://dm.apac.cms.aldi.cx/is/image/aldiprodapac/Easter_CategoryThumbnails_600_600?wid={width}&hei={height}&fit=crop","https://dm.apac.cms.aldi.cx/is/image/aldiprodapac/Easter_CategoryThumbnails_600_600?hei={height}","https://dm.apac.cms.aldi.cx/is/image/aldiprodapac/Easter_CategoryThumbnails_600_600?wid={width}",{"1-1-small":3223},{"maxHeight":997,"maxWidth":997,"ratio":999,"renditions":3224,"uriTemplate":3227},[3225],{"height":1008,"url":3226,"width":1008},"https://dm.apac.cms.aldi.cx/is/image/aldiprodapac/Easter_CategoryThumbnails_600_600%3A1-1?wid=376&hei=376&fit=stretch&qlt=85",{"scaleHeight":3228,"scaleWidth":3229},"https://dm.apac.cms.aldi.cx/is/image/aldiprodapac/Easter_CategoryThumbnails_600_600%3A1-1?hei={height}&fit=constrain","https://dm.apac.cms.aldi.cx/is/image/aldiprodapac/Easter_CategoryThumbnails_600_600%3A1-1?wid={width}&fit=constrain",{"categoryId":3231,"featurePage":3232,"thumbnailImage":3236},"1588161408332087",{":reference-type":984,"localPath":3233,"path":3234,"type":987,"url":3235},"/tools/clp/snacks-confectionary","/content/aldi/apac/au/web/main/en/tools/clp/snacks-confectionary","https://publish.prod.apac.cms.aldi.cx/content/aldi/apac/au/web/main/homepage/tools/clp/snacks-confectionary.content.v1.api/content.json",{":reference-type":993,"altText":3237,"originals":3238,"variants":3245},"SnacksConfectionary_CategoryThumbnails_600_600.jpg",[3239],{"height":1973,"path":3240,"ratio":999,"uriTemplate":3241,"width":1973},"/content/dam/aldi/apac/au/editorial/digitas-images-2025/placeholders/cat-thumbnails/SnacksConfectionary_CategoryThumbnails_600_600.jpg",{"cropCenter":3242,"scaleHeight":3243,"scaleWidth":3244},"https://dm.apac.cms.aldi.cx/is/image/aldiprodapac/SnacksConfectionary_CategoryThumbnails_600_600?wid={width}&hei={height}&fit=crop","https://dm.apac.cms.aldi.cx/is/image/aldiprodapac/SnacksConfectionary_CategoryThumbnails_600_600?hei={height}","https://dm.apac.cms.aldi.cx/is/image/aldiprodapac/SnacksConfectionary_CategoryThumbnails_600_600?wid={width}",{"1-1-small":3246},{"maxHeight":1973,"maxWidth":1973,"ratio":999,"renditions":3247,"uriTemplate":3250},[3248],{"height":1008,"url":3249,"width":1008},"https://dm.apac.cms.aldi.cx/is/image/aldiprodapac/SnacksConfectionary_CategoryThumbnails_600_600%3A1-1?wid=376&hei=376&fit=stretch&qlt=85",{"scaleHeight":3251,"scaleWidth":3252},"https://dm.apac.cms.aldi.cx/is/image/aldiprodapac/SnacksConfectionary_CategoryThumbnails_600_600%3A1-1?hei={height}&fit=constrain","https://dm.apac.cms.aldi.cx/is/image/aldiprodapac/SnacksConfectionary_CategoryThumbnails_600_600%3A1-1?wid={width}&fit=constrain",{"categoryId":3254,"featurePage":3255,"thumbnailImage":3259},"1588161408332092",{":reference-type":984,"localPath":3256,"path":3257,"type":987,"url":3258},"/tools/clp/front-of-store","/content/aldi/apac/au/web/main/en/tools/clp/front-of-store","https://publish.prod.apac.cms.aldi.cx/content/aldi/apac/au/web/main/homepage/tools/clp/front-of-store.content.v1.api/content.json",{":reference-type":993,"altText":3260,"originals":3261,"variants":3268},"FrontOfStore_CategoryThumbnails_600_600.jpg",[3262],{"height":1973,"path":3263,"ratio":1975,"uriTemplate":3264,"width":997},"/content/dam/aldi/apac/au/editorial/digitas-images-2025/placeholders/cat-thumbnails/FrontOfStore_CategoryThumbnails_600_600.jpg",{"cropCenter":3265,"scaleHeight":3266,"scaleWidth":3267},"https://dm.apac.cms.aldi.cx/is/image/aldiprodapac/FrontOfStore_CategoryThumbnails_600_600?wid={width}&hei={height}&fit=crop","https://dm.apac.cms.aldi.cx/is/image/aldiprodapac/FrontOfStore_CategoryThumbnails_600_600?hei={height}","https://dm.apac.cms.aldi.cx/is/image/aldiprodapac/FrontOfStore_CategoryThumbnails_600_600?wid={width}",{"1-1-small":3269},{"maxHeight":997,"maxWidth":997,"ratio":999,"renditions":3270,"uriTemplate":3273},[3271],{"height":1008,"url":3272,"width":1008},"https://dm.apac.cms.aldi.cx/is/image/aldiprodapac/FrontOfStore_CategoryThumbnails_600_600%3A1-1?wid=376&hei=376&fit=stretch&qlt=85",{"scaleHeight":3274,"scaleWidth":3275},"https://dm.apac.cms.aldi.cx/is/image/aldiprodapac/FrontOfStore_CategoryThumbnails_600_600%3A1-1?hei={height}&fit=constrain","https://dm.apac.cms.aldi.cx/is/image/aldiprodapac/FrontOfStore_CategoryThumbnails_600_600%3A1-1?wid={width}&fit=constrain",{"categoryId":3277,"featurePage":3278,"thumbnailImage":3282},"1588161420755352",{":reference-type":984,"localPath":3279,"path":3280,"type":987,"url":3281},"/tools/clp/limited-time-only","/content/aldi/apac/au/web/main/en/tools/clp/limited-time-only","https://publish.prod.apac.cms.aldi.cx/content/aldi/apac/au/web/main/homepage/tools/clp/limited-time-only.content.v1.api/content.json",{":reference-type":993,"altText":1915,"originals":3283,"variants":3286},[3284],{"height":997,"path":1918,"ratio":999,"uriTemplate":3285,"width":997},{"cropCenter":1920,"scaleHeight":1921,"scaleWidth":1922},{"1-1-small":3287},{"maxHeight":997,"maxWidth":997,"ratio":999,"renditions":3288,"uriTemplate":3290},[3289],{"height":1008,"url":1927,"width":1008},{"scaleHeight":1929,"scaleWidth":1930},{"categoryId":3292,"featurePage":3293,"thumbnailImage":3297},"1588161407991418",{":reference-type":984,"localPath":3294,"path":3295,"type":987,"url":3296},"/tools/clp/super-savers","/content/aldi/apac/au/web/main/en/tools/clp/super-savers","https://publish.prod.apac.cms.aldi.cx/content/aldi/apac/au/web/main/homepage/tools/clp/super-savers.content.v1.api/content.json",{":reference-type":993,"altText":3298,"originals":3299,"variants":3306},"1002344_CLICK_COLLECT_600x600_20.png",[3300],{"height":997,"path":3301,"ratio":999,"uriTemplate":3302,"width":997},"/content/dam/aldi/apac/au/editorial/online-merch-2023/category-icons/parent-category/1002344_CLICK_COLLECT_600x600_20.png",{"cropCenter":3303,"scaleHeight":3304,"scaleWidth":3305},"https://dm.apac.cms.aldi.cx/is/image/aldiprodapac/1002344_CLICK_COLLECT_600x600_20?wid={width}&hei={height}&fit=crop&fmt=png-alpha","https://dm.apac.cms.aldi.cx/is/image/aldiprodapac/1002344_CLICK_COLLECT_600x600_20?hei={height}&fmt=png-alpha","https://dm.apac.cms.aldi.cx/is/image/aldiprodapac/1002344_CLICK_COLLECT_600x600_20?wid={width}&fmt=png-alpha",{"1-1-small":3307},{"maxHeight":997,"maxWidth":997,"ratio":999,"renditions":3308,"uriTemplate":3311},[3309],{"height":1008,"url":3310,"width":1008},"https://dm.apac.cms.aldi.cx/is/image/aldiprodapac/1002344_CLICK_COLLECT_600x600_20%3A1-1?wid=376&hei=376&fit=stretch&fmt=png-alpha",{"scaleHeight":3312,"scaleWidth":3313},"https://dm.apac.cms.aldi.cx/is/image/aldiprodapac/1002344_CLICK_COLLECT_600x600_20%3A1-1?hei={height}&fit=constrain&fmt=png-alpha","https://dm.apac.cms.aldi.cx/is/image/aldiprodapac/1002344_CLICK_COLLECT_600x600_20%3A1-1?wid={width}&fit=constrain&fmt=png-alpha",["EmptyRef",3315],"_",["EmptyRef",3317],"false",["EmptyRef",3315],["Ref",3320],["Reactive",3321],{"Brands":3322,"ErrorPages":3341,"PaymentMethods":3354,"SocialMediaIcons":3355,"AdobeTarget":3385,"PageStructure":3388,"FeaturePages":3393,"SEO":3413,"SocialMediaSharing":3435,"ProductAssetDisplay":3439,"AdobeLaunch":3444,"WebAppMobileView":3445,"ConsentManagement":3447},[3323,3329,3335],{"brandName":3324,"brandProductPage":3325},"HILLCREST",{":reference-type":984,"localPath":3326,"path":3327,"type":987,"url":3328},"/tools/brands/hillcrest","/content/aldi/apac/au/web/main/en/tools/brands/hillcrest","https://publish.prod.apac.cms.aldi.cx/content/aldi/apac/au/web/main/homepage/tools/brands/hillcrest.content.v1.api/content.json",{"brandName":3330,"brandProductPage":3331},"BRAMWELLS",{":reference-type":984,"localPath":3332,"path":3333,"type":987,"url":3334},"/tools/brands/bramwells","/content/aldi/apac/au/web/main/en/tools/brands/bramwells","https://publish.prod.apac.cms.aldi.cx/content/aldi/apac/au/web/main/homepage/tools/brands/bramwells.content.v1.api/content.json",{"brandName":3336,"brandProductPage":3337},"MAMIA",{":reference-type":984,"localPath":3338,"path":3339,"type":987,"url":3340},"/tools/brands/mamia","/content/aldi/apac/au/web/main/en/tools/brands/mamia","https://publish.prod.apac.cms.aldi.cx/content/aldi/apac/au/web/main/homepage/tools/brands/mamia.content.v1.api/content.json",[3342,3348],{"errorPageContent":3343,"httpErrorCode":3347},{":reference-type":984,"localPath":3344,"path":3345,"type":987,"url":3346},"/tools/errorpages/404","/content/aldi/apac/au/web/main/en/tools/errorpages/404","https://publish.prod.apac.cms.aldi.cx/content/aldi/apac/au/web/main/homepage/tools/errorpages/404.content.v1.api/content.json",404,{"errorPageContent":3349,"httpErrorCode":3353},{":reference-type":984,"localPath":3350,"path":3351,"type":987,"url":3352},"/tools/errorpages/500","/content/aldi/apac/au/web/main/en/tools/errorpages/500","https://publish.prod.apac.cms.aldi.cx/content/aldi/apac/au/web/main/homepage/tools/errorpages/500.content.v1.api/content.json",500,[],[3356,3364,3371,3378],{"socialMediaLink":3357,"socialMediaLogo":3358,"title":3363},"https://www.facebook.com/ALDI.Australia",{":reference-type":3359,"altText":3360,"path":3361,"url":3362},"vectorImage","facebook.svg","/content/dam/aldi/structure/social-media-icons/facebook.svg","https://dm.apac.cms.aldi.cx/is/content/aldiprodapac/facebook","Facebook",{"socialMediaLink":3365,"socialMediaLogo":3366,"title":3370},"https://www.instagram.com/aldiaustralia/?hl=en",{":reference-type":3359,"altText":3367,"path":3368,"url":3369},"instagram.svg","/content/dam/aldi/structure/social-media-icons/instagram.svg","https://dm.apac.cms.aldi.cx/is/content/aldiprodapac/instagram","Instagram",{"socialMediaLink":3372,"socialMediaLogo":3373,"title":3377},"https://au.linkedin.com/company/aldi-stores-australia",{":reference-type":3359,"altText":3374,"path":3375,"url":3376},"LinkedIn Icon.svg","/content/dam/aldi/structure/social-media-icons/LinkedIn Icon.svg","https://dm.apac.cms.aldi.cx/is/content/aldiprodapac/LinkedIn%20Icon","LinkedIn",{"socialMediaLink":3379,"socialMediaLogo":3380,"title":3384},"https://www.youtube.com/user/ALDIAustralia",{":reference-type":3359,"altText":3381,"path":3382,"url":3383},"youtube.svg","/content/dam/aldi/structure/social-media-icons/youtube.svg","https://dm.apac.cms.aldi.cx/is/content/aldiprodapac/youtube","YouTube",{"antiFlickeringSelectors":3386},[3387],".banner-image",{"logoAsset":3389},{":reference-type":3359,"altText":3390,"path":3391,"url":3392},"ALDI_Masterbrand_Logo_FullColor_V7.svg","/content/dam/aldi/structure/logo/ALDI_Masterbrand_Logo_FullColor_V7.svg","https://dm.apac.cms.aldi.cx/is/content/aldiprodapac/ALDI_Masterbrand_Logo_FullColor_V7",{"categoryListingDepartments":3394,"checkoutCurbside":3398,"checkoutDelivery":3399,"fullCart":3400,"informationBanner":3401,"nullSearchResult":3402,"orderAmendmentEditOrderPage":3403,"orderAmendmentUpdateConfirmationPage":3404,"buyAgainPLPPage":3405,"orderHistory":3406,"productDetail":3407,"searchResult":3411,"serviceSelection":3412},{":reference-type":984,"localPath":3395,"path":3396,"type":987,"url":3397},"/tools/clp","/content/aldi/apac/au/web/main/en/tools/clp","https://publish.prod.apac.cms.aldi.cx/content/aldi/apac/au/web/main/homepage/tools/clp.content.v1.api/content.json",{"url":973},{"url":973},{"url":973},{"url":973},{"url":973},{"url":973},{"url":973},{"url":973},{"url":973},{":reference-type":984,"localPath":3408,"path":3409,"type":987,"url":3410},"/tools/features/product-detail","/content/aldi/apac/au/web/main/en/tools/features/product-detail","https://publish.prod.apac.cms.aldi.cx/content/aldi/apac/au/web/main/homepage/tools/features/product-detail.content.v1.api/content.json",{"url":973},{"url":973},{"globalRobotsDirective":3414,"pageTitlePrefix":3415,"pageTitleSuffix":3415,"productJsonLdTemplate":3416,"robotsTxtContent":3431},"index, follow","",{"offers":3417,"image":3424,"@type":3425,"name":3426,"description":3427,"@context":3428,"brand":3429},{"@type":3418,"url":3419,"price":3420,"priceCurrency":3421,"itemCondition":3422,"availability":3423},"Offer","###offer_url###","###price###","AUD","https://schema.org/NewCondition","https://schema.org/InStock","###image###","Product","###name###","###description###","https://schema.org/",{"@type":318,"name":3430},"###brand###",{":reference-type":984,"localPath":3432,"path":3433,"type":987,"url":3434},"/tools/features/robots-txt","/content/aldi/apac/au/web/main/en/tools/features/robots-txt","https://publish.prod.apac.cms.aldi.cx/content/aldi/apac/au/web/main/homepage/tools/features/robots-txt.content.v1.api/content.json",{"openGraphSiteName":3436,"twitterCard":3437,"twitterSite":3438},"ALDI Australia ","summary_large_image","@AldiAU",{"productFallbackImage":3440},{":reference-type":3359,"altText":3441,"path":3442,"url":3443},"1001860-2_COMING-SOON-GREYSCALE_RGB_OUTLINED_1200x1200.svg","/content/dam/aldi/structure/logo/1001860-2_COMING-SOON-GREYSCALE_RGB_OUTLINED_1200x1200.svg","https://dm.apac.cms.aldi.cx/is/content/aldiprodapac/1001860-2_COMING-SOON-GREYSCALE_RGB_OUTLINED_1200x1200",{"enableAdobeLaunch":966},{"productCategoryTeaserListColumnLayout":3446},"3-column",{"cookieListId":3448,"cookieListPlaceholderKey":3449,"marketingExpiryDays":3450,"preferenceButtonClass":3451,"preferenceButtonId":3452,"preferenceButtonPlaceholderKey":3453,"thirdPartyExpiryDays":3454},"ot-sdk-cookie-policy","onetrust-cookie-list",180," ot-sdk-show-settings","ot-sdk-btn","onetrust-preference-center-link",60,["Ref",3456],["Reactive",3457],{"mainnav":3458,"metanav":3573,"quicklinks":3641,"footernav-1":3643,"footernav-2":3680,"accountFlyoutDefaultState":3719,"accountFlyoutLoggedin":3721},{"title":3415,"children":3459},[3460,3477,3481,3548],{"title":3461,"link":3462,"children":3466},"Catalogue",{"type":987,":reference-type":984,"localPath":3463,"path":3464,"url":3465},"/catalogue","/content/aldi/apac/au/web/main/en/catalogue","https://publish.prod.apac.cms.aldi.cx/content/aldi/apac/au/web/main/homepage/catalogue.content.v1.api/content.json",[3467,3472],{"title":3461,"link":3468},{"type":3469,":reference-type":984,"windowTarget":3470,"url":3471},"external","_blank","https://www.catalogues.aldi.com.au/",{"title":447,"link":3473},{"type":987,":reference-type":984,"localPath":3474,"path":3475,"url":3476},"/ALDI-special-buys","/content/aldi/apac/au/web/main/en/ALDI-special-buys","https://publish.prod.apac.cms.aldi.cx/content/aldi/apac/au/web/main/homepage/ALDI-special-buys.content.v1.api/content.json",{"title":3478,"placeholderKey":3479,"children":3480},"Groceries","product-categories",[],{"title":3482,"link":3483,"children":3487},"Recipes",{"type":987,":reference-type":984,"localPath":3484,"path":3485,"url":3486},"/recipes","/content/aldi/apac/au/web/main/en/recipes","https://publish.prod.apac.cms.aldi.cx/content/aldi/apac/au/web/main/homepage/recipes.content.v1.api/content.json",[3488,3491,3500,3506,3512,3518,3524,3530,3536,3542],{"title":3489,"link":3490},"Show all Recipes",{"type":987,":reference-type":984,"localPath":3484,"path":3485,"url":3486},{"title":3492,"iconPath":3493,"link":3496},"Breakfast Recipes",{"url":3494,"path":3495,":reference-type":3359},"https://dm.apac.cms.aldi.cx/is/content/aldiprodapac/aldi-logo","/content/dam/aldi/structure/logo/aldi-logo.svg",{"type":987,":reference-type":984,"localPath":3497,"path":3498,"url":3499},"/recipes/breakfast-recipes","/content/aldi/apac/au/web/main/en/recipes/breakfast-recipes","https://publish.prod.apac.cms.aldi.cx/content/aldi/apac/au/web/main/homepage/recipes/breakfast-recipes.content.v1.api/content.json",{"title":3501,"link":3502},"Starters, Sides & Salad Recipes",{"type":987,":reference-type":984,"localPath":3503,"path":3504,"url":3505},"/recipes/starters-sides-salad-recipes","/content/aldi/apac/au/web/main/en/recipes/starters-sides-salad-recipes","https://publish.prod.apac.cms.aldi.cx/content/aldi/apac/au/web/main/homepage/recipes/starters-sides-salad-recipes.content.v1.api/content.json",{"title":3507,"link":3508},"Main Recipes",{"type":987,":reference-type":984,"localPath":3509,"path":3510,"url":3511},"/recipes/main-recipes","/content/aldi/apac/au/web/main/en/recipes/main-recipes","https://publish.prod.apac.cms.aldi.cx/content/aldi/apac/au/web/main/homepage/recipes/main-recipes.content.v1.api/content.json",{"title":3513,"link":3514},"Dessert Recipes",{"type":987,":reference-type":984,"localPath":3515,"path":3516,"url":3517},"/recipes/dessert-recipes","/content/aldi/apac/au/web/main/en/recipes/dessert-recipes","https://publish.prod.apac.cms.aldi.cx/content/aldi/apac/au/web/main/homepage/recipes/dessert-recipes.content.v1.api/content.json",{"title":3519,"link":3520},"Kids Recipes",{"type":987,":reference-type":984,"localPath":3521,"path":3522,"url":3523},"/recipes/kids-recipes","/content/aldi/apac/au/web/main/en/recipes/kids-recipes","https://publish.prod.apac.cms.aldi.cx/content/aldi/apac/au/web/main/homepage/recipes/kids-recipes.content.v1.api/content.json",{"title":3525,"link":3526},"Drink Recipes",{"type":987,":reference-type":984,"localPath":3527,"path":3528,"url":3529},"/recipes/drink-recipes","/content/aldi/apac/au/web/main/en/recipes/drink-recipes","https://publish.prod.apac.cms.aldi.cx/content/aldi/apac/au/web/main/homepage/recipes/drink-recipes.content.v1.api/content.json",{"title":3531,"link":3532},"Gluten Free Recipes",{"type":987,":reference-type":984,"localPath":3533,"path":3534,"url":3535},"/recipes/gluten-free-recipes","/content/aldi/apac/au/web/main/en/recipes/gluten-free-recipes","https://publish.prod.apac.cms.aldi.cx/content/aldi/apac/au/web/main/homepage/recipes/gluten-free-recipes.content.v1.api/content.json",{"title":3537,"link":3538},"Autumn Recipes",{"type":987,":reference-type":984,"localPath":3539,"path":3540,"url":3541},"/recipes/autumn-recipes","/content/aldi/apac/au/web/main/en/recipes/autumn-recipes","https://publish.prod.apac.cms.aldi.cx/content/aldi/apac/au/web/main/homepage/recipes/autumn-recipes.content.v1.api/content.json",{"title":3543,"link":3544},"Winter Recipes",{"type":987,":reference-type":984,"localPath":3545,"path":3546,"url":3547},"/recipes/winter-recipes","/content/aldi/apac/au/web/main/en/recipes/winter-recipes","https://publish.prod.apac.cms.aldi.cx/content/aldi/apac/au/web/main/homepage/recipes/winter-recipes.content.v1.api/content.json",{"title":3549,"link":3550,"children":3554},"Services",{"type":987,":reference-type":984,"localPath":3551,"path":3552,"url":3553},"/services","/content/aldi/apac/au/web/main/en/services","https://publish.prod.apac.cms.aldi.cx/content/aldi/apac/au/web/main/homepage/services.content.v1.api/content.json",[3555,3559,3563,3569],{"title":3556,"link":3557},"ALDI Mobile",{"type":3469,":reference-type":984,"windowTarget":3470,"url":3558},"https://www.aldimobile.com.au/",{"title":3560,"link":3561},"ALDI Holidays",{"type":3469,":reference-type":984,"windowTarget":3470,"url":3562},"https://aldiholidays.com.au/",{"title":3564,"link":3565},"ALDI Gift Cards",{"type":987,":reference-type":984,"localPath":3566,"path":3567,"url":3568},"/services/aldi-gift-cards","/content/aldi/apac/au/web/main/en/services/aldi-gift-cards","https://publish.prod.apac.cms.aldi.cx/content/aldi/apac/au/web/main/homepage/services/aldi-gift-cards.content.v1.api/content.json",{"title":3570,"link":3571},"ALDI Insurance",{"type":3469,":reference-type":984,"windowTarget":3470,"url":3572},"https://www.aldiinsurance.com.au/",{"title":3415,"children":3574},[3575,3582,3589,3596,3603,3608,3613,3620,3627,3634],{"title":3576,"link":3577,"children":3581},"Privacy Policy",{"type":987,":reference-type":984,"localPath":3578,"path":3579,"url":3580},"/privacy-policy","/content/aldi/apac/au/web/main/en/privacy-policy","https://publish.prod.apac.cms.aldi.cx/content/aldi/apac/au/web/main/homepage/privacy-policy.content.v1.api/content.json",[],{"title":3583,"link":3584,"children":3588},"Data Protection",{"type":987,":reference-type":984,"localPath":3585,"path":3586,"url":3587},"/data-protection","/content/aldi/apac/au/web/main/en/data-protection","https://publish.prod.apac.cms.aldi.cx/content/aldi/apac/au/web/main/homepage/data-protection.content.v1.api/content.json",[],{"title":3590,"link":3591,"children":3595},"Legal Notice",{"type":987,":reference-type":984,"localPath":3592,"path":3593,"url":3594},"/legal-notice","/content/aldi/apac/au/web/main/en/legal-notice","https://publish.prod.apac.cms.aldi.cx/content/aldi/apac/au/web/main/homepage/legal-notice.content.v1.api/content.json",[],{"title":3597,"link":3598,"children":3602},"Returns Policy",{"type":987,":reference-type":984,"localPath":3599,"path":3600,"url":3601},"/returns-policy","/content/aldi/apac/au/web/main/en/returns-policy","https://publish.prod.apac.cms.aldi.cx/content/aldi/apac/au/web/main/homepage/returns-policy.content.v1.api/content.json",[],{"title":3604,"link":3605,"children":3607},"Security Policy",{"type":3469,":reference-type":984,"windowTarget":3470,"url":3606},"https://security.aldi-sued.com/",[],{"title":3609,"link":3610,"children":3612},"Safety Data Sheets",{"type":3469,":reference-type":984,"windowTarget":3470,"url":3611},"https://jr.chemwatch.net/outb/account/autologin?login=aldiaus",[],{"title":3614,"link":3615,"children":3619},"Social Media Terms",{"type":987,":reference-type":984,"localPath":3616,"path":3617,"url":3618},"/social-media-terms","/content/aldi/apac/au/web/main/en/social-media-terms","https://publish.prod.apac.cms.aldi.cx/content/aldi/apac/au/web/main/homepage/social-media-terms.content.v1.api/content.json",[],{"title":3621,"link":3622,"children":3626},"Scam Notice",{"type":987,":reference-type":984,"localPath":3623,"path":3624,"url":3625},"/scam-notice","/content/aldi/apac/au/web/main/en/scam-notice","https://publish.prod.apac.cms.aldi.cx/content/aldi/apac/au/web/main/homepage/scam-notice.content.v1.api/content.json",[],{"title":3628,"link":3629,"children":3633},"Liquor Licenses",{"type":987,":reference-type":984,"localPath":3630,"path":3631,"url":3632},"/liquor-licenses","/content/aldi/apac/au/web/main/en/liquor-licenses","https://publish.prod.apac.cms.aldi.cx/content/aldi/apac/au/web/main/homepage/liquor-licenses.content.v1.api/content.json",[],{"title":3635,"link":3636,"children":3640},"Gift Cards Terms of Use",{"type":987,":reference-type":984,"localPath":3637,"path":3638,"url":3639},"/gift-cards-terms-of-use","/content/aldi/apac/au/web/main/en/gift-cards-terms-of-use","https://publish.prod.apac.cms.aldi.cx/content/aldi/apac/au/web/main/homepage/gift-cards-terms-of-use.content.v1.api/content.json",[],{"children":3642,"title":3415},[],{"title":3644,"children":3645},"Help & Support",[3646,3651,3656,3663,3670,3675],{"title":3647,"link":3648,"children":3650},"Help Centre",{"type":3469,":reference-type":984,"windowTarget":3470,"url":3649},"https://help.aldi.com.au/",[],{"title":3652,"link":3653,"children":3655},"Store Locator",{"type":3469,":reference-type":984,"windowTarget":3470,"url":3654},"https://store.aldi.com.au/storelocator",[],{"title":3657,"link":3658,"children":3662},"Product Recalls",{"type":987,":reference-type":984,"localPath":3659,"path":3660,"url":3661},"/product-recalls","/content/aldi/apac/au/web/main/en/product-recalls","https://publish.prod.apac.cms.aldi.cx/content/aldi/apac/au/web/main/homepage/product-recalls.content.v1.api/content.json",[],{"title":3664,"link":3665,"children":3669},"Special Buys Delays",{"type":987,":reference-type":984,"localPath":3666,"path":3667,"url":3668},"/special-buys-delays","/content/aldi/apac/au/web/main/en/special-buys-delays","https://publish.prod.apac.cms.aldi.cx/content/aldi/apac/au/web/main/homepage/special-buys-delays.content.v1.api/content.json",[],{"title":3671,"link":3672,"children":3674},"Stock Checker",{"type":3469,":reference-type":984,"windowTarget":3470,"url":3673},"https://help.aldi.com.au/stock-availability",[],{"title":3676,"link":3677,"children":3679},"Newsletter Sign Up",{"type":3469,":reference-type":984,"windowTarget":3470,"url":3678},"https://account.aldi.com.au/email-sign-up",[],{"title":3681,"children":3682},"About Us",[3683,3690,3697,3702,3709,3714],{"title":3684,"link":3685,"children":3689},"What Makes Us Good Different",{"type":987,":reference-type":984,"localPath":3686,"path":3687,"url":3688},"/what-makes-us-good-different","/content/aldi/apac/au/web/main/en/what-makes-us-good-different","https://publish.prod.apac.cms.aldi.cx/content/aldi/apac/au/web/main/homepage/what-makes-us-good-different.content.v1.api/content.json",[],{"title":3691,"link":3692,"children":3696},"Sustainability",{"type":987,":reference-type":984,"localPath":3693,"path":3694,"url":3695},"/sustainability","/content/aldi/apac/au/web/main/en/sustainability","https://publish.prod.apac.cms.aldi.cx/content/aldi/apac/au/web/main/homepage/sustainability.content.v1.api/content.json",[],{"title":3698,"link":3699,"children":3701},"Careers",{"type":3469,":reference-type":984,"windowTarget":3470,"url":3700},"https://www.aldicareers.com.au/",[],{"title":3703,"link":3704,"children":3708},"Corporate & Suppliers",{"type":987,":reference-type":984,"localPath":3705,"path":3706,"url":3707},"/corporate-suppliers","/content/aldi/apac/au/web/main/en/corporate-suppliers","https://publish.prod.apac.cms.aldi.cx/content/aldi/apac/au/web/main/homepage/corporate-suppliers.content.v1.api/content.json",[],{"title":3710,"link":3711,"children":3713},"Media Centre",{"type":3469,":reference-type":984,"windowTarget":3470,"url":3712},"https://www.aldiunpacked.com.au/",[],{"title":3715,"link":3716,"children":3718},"ALDI International",{"type":3469,":reference-type":984,"windowTarget":3470,"url":3717},"https://www.aldi.com/?aldiurl=true",[],{"children":3720,"title":3415},[],{"children":3722,"title":3415},[],["Ref",3724],["Reactive",3725],{"_links":3726,"data":3728},{"self":3727},{"href":3397},{"content":3729},[3730],{":items":3731,":itemsOrder":4044,":path":3396,":type":4046,"localPath":3395,"seoProperties":4047,"socialMediaSharingProperties":4050},{"root":3732},{":items":3733,":itemsOrder":4042,":type":4041},{"content":3734},{":items":3735,":itemsOrder":4037,":type":4041},{"overlayboxteaser":3736,"productcategorytease":3805,"productlistinggridpl":4035},{":isValid":966,":mboxName":3415,":outputChannels":3737,":type":3738,"backgroundColorValue":3739,"image":3740,"overlayBackgroundColor":3801,"overlayPosition":3802,"teaserVariant":3803,"textColorValue":3804,"title":772},[],"aldi/editorial/components/overlayBoxTeaser","#f3b1cd",{":reference-type":993,"altText":3741,"originals":3742,"variants":3752},"alt text",[3743],{"height":3744,"path":3745,"ratio":3746,"uriTemplate":3747,"width":3751},1024,"/content/dam/aldi/apac/au/editorial/digitas-images-2025/placeholders/groceries/AllGroceries-3056_1024.jpg",2.984375,{"cropCenter":3748,"scaleHeight":3749,"scaleWidth":3750},"https://dm.apac.cms.aldi.cx/is/image/aldiprodapac/AllGroceries-3056_1024?wid={width}&hei={height}&fit=crop","https://dm.apac.cms.aldi.cx/is/image/aldiprodapac/AllGroceries-3056_1024?hei={height}","https://dm.apac.cms.aldi.cx/is/image/aldiprodapac/AllGroceries-3056_1024?wid={width}",3056,{"1-1":3753,"16-9":3763,"3-1":3780},{"maxHeight":3744,"maxWidth":3744,"ratio":999,"renditions":3754,"uriTemplate":3760},[3755,3758],{"height":3756,"url":3757,"width":3756},768,"https://dm.apac.cms.aldi.cx/is/image/aldiprodapac/AllGroceries-3056_1024%3A1-1?wid=768&hei=768&fit=stretch&qlt=85&lastModified=2025-03-03T02:35:08.053Z",{"height":1008,"url":3759,"width":1008},"https://dm.apac.cms.aldi.cx/is/image/aldiprodapac/AllGroceries-3056_1024%3A1-1?wid=376&hei=376&fit=stretch&qlt=85&lastModified=2025-03-03T02:35:08.053Z",{"scaleHeight":3761,"scaleWidth":3762},"https://dm.apac.cms.aldi.cx/is/image/aldiprodapac/AllGroceries-3056_1024%3A1-1?hei={height}&fit=constrain","https://dm.apac.cms.aldi.cx/is/image/aldiprodapac/AllGroceries-3056_1024%3A1-1?wid={width}&fit=constrain",{"maxHeight":3744,"maxWidth":3764,"ratio":3765,"renditions":3766,"uriTemplate":3777},1823,1.7777777777777777,[3767,3771,3774],{"height":3768,"url":3769,"width":3770},810,"https://dm.apac.cms.aldi.cx/is/image/aldiprodapac/AllGroceries-3056_1024%3A16-9?wid=1440&hei=810&fit=stretch&qlt=85&lastModified=2025-03-03T02:35:08.191Z",1440,{"height":3772,"url":3773,"width":3756},432,"https://dm.apac.cms.aldi.cx/is/image/aldiprodapac/AllGroceries-3056_1024%3A16-9?wid=768&hei=432&fit=stretch&qlt=85&lastModified=2025-03-03T02:35:08.191Z",{"height":3775,"url":3776,"width":1008},212,"https://dm.apac.cms.aldi.cx/is/image/aldiprodapac/AllGroceries-3056_1024%3A16-9?wid=376&hei=212&fit=stretch&qlt=85&lastModified=2025-03-03T02:35:08.191Z",{"scaleHeight":3778,"scaleWidth":3779},"https://dm.apac.cms.aldi.cx/is/image/aldiprodapac/AllGroceries-3056_1024%3A16-9?hei={height}&fit=constrain","https://dm.apac.cms.aldi.cx/is/image/aldiprodapac/AllGroceries-3056_1024%3A16-9?wid={width}&fit=constrain",{"maxHeight":3781,"maxWidth":3782,"ratio":3783,"renditions":3784,"uriTemplate":3798},1018,3042,3,[3785,3789,3792,3795],{"height":3786,"url":3787,"width":3788},960,"https://dm.apac.cms.aldi.cx/is/image/aldiprodapac/AllGroceries-3056_1024%3A3-1?wid=2880&hei=960&fit=stretch&qlt=85&lastModified=2025-03-03T02:35:08.259Z",2880,{"height":3790,"url":3791,"width":3770},480,"https://dm.apac.cms.aldi.cx/is/image/aldiprodapac/AllGroceries-3056_1024%3A3-1?wid=1440&hei=480&fit=stretch&qlt=85&lastModified=2025-03-03T02:35:08.259Z",{"height":3793,"url":3794,"width":3756},256,"https://dm.apac.cms.aldi.cx/is/image/aldiprodapac/AllGroceries-3056_1024%3A3-1?wid=768&hei=256&fit=stretch&qlt=85&lastModified=2025-03-03T02:35:08.259Z",{"height":3796,"url":3797,"width":1008},125,"https://dm.apac.cms.aldi.cx/is/image/aldiprodapac/AllGroceries-3056_1024%3A3-1?wid=376&hei=125&fit=stretch&qlt=85&lastModified=2025-03-03T02:35:08.259Z",{"scaleHeight":3799,"scaleWidth":3800},"https://dm.apac.cms.aldi.cx/is/image/aldiprodapac/AllGroceries-3056_1024%3A3-1?hei={height}&fit=constrain","https://dm.apac.cms.aldi.cx/is/image/aldiprodapac/AllGroceries-3056_1024%3A3-1?wid={width}&fit=constrain","aqua","left","oldVariant","#101316",{":isValid":966,":items":3806,":itemsOrder":4011,":mboxName":3415,":outputChannels":4030,":type":4033,"title":4034},{"item_1133023777_copy":3807,"item_771628696":3820,"item_771628696_copy":3831,"item_771628696_copy_":3842,"item_771628696_copy_650868736":3857,"item_771628696_copy__1290464986":3868,"item_771628696_copy__1318269049":3879,"item_771628696_copy__1681557593":3890,"item_771628696_copy__179407538":3901,"item_771628696_copy__1871953771":3912,"item_771628696_copy__193771434":3923,"item_771628696_copy__2094287818":3934,"item_771628696_copy__216336904":3945,"item_771628696_copy__293951034":3956,"item_771628696_copy__405526702":3967,"item_771628696_copy__585279487":3978,"item_771628696_copy__837344066":3989,"item_771628696_copy__839086432":4000},{":isValid":966,":type":3808,"categoryId":3277,"categoryName":3809,"categoryUrlSlugText":3415,"image":3810},"aldi/commerce/components/productCategoryTeaserList/item","Limited Time Only",{":reference-type":993,"altText":3811,"originals":3812,"variants":3815},"Pantry category",[3813],{"height":997,"path":1918,"ratio":999,"uriTemplate":3814,"width":997},{"cropCenter":1920,"scaleHeight":1921,"scaleWidth":1922},{"1-1-small":3816},{"maxHeight":997,"maxWidth":997,"ratio":999,"renditions":3817,"uriTemplate":3819},[3818],{"height":1008,"url":1927,"width":1008},{"scaleHeight":1929,"scaleWidth":1930},{":isValid":966,":type":3808,"categoryId":982,"categoryName":3821,"categoryUrlSlugText":3415,"image":3822},"Drinks",{":reference-type":993,"altText":3821,"originals":3823,"variants":3826},[3824],{"height":997,"path":1132,"ratio":999,"uriTemplate":3825,"width":997},{"cropCenter":1134,"scaleHeight":1135,"scaleWidth":1136},{"1-1-small":3827},{"maxHeight":997,"maxWidth":997,"ratio":999,"renditions":3828,"uriTemplate":3830},[3829],{"height":1008,"url":1141,"width":1008},{"scaleHeight":1143,"scaleWidth":1144},{":isValid":966,":type":3808,"categoryId":1146,"categoryName":3832,"categoryUrlSlugText":3415,"image":3833},"Baby",{":reference-type":993,"altText":3832,"originals":3834,"variants":3837},[3835],{"height":997,"path":1236,"ratio":999,"uriTemplate":3836,"width":997},{"cropCenter":1238,"scaleHeight":1239,"scaleWidth":1240},{"1-1-small":3838},{"maxHeight":997,"maxWidth":997,"ratio":999,"renditions":3839,"uriTemplate":3841},[3840],{"height":1008,"url":1245,"width":1008},{"scaleHeight":1247,"scaleWidth":1248},{":isValid":966,":type":3808,"categoryId":1388,"categoryName":3843,"categoryUrlSlugText":3415,"image":3844},"Pantry",{":reference-type":993,"altText":3843,"originals":3845,"variants":3848},[3846],{"height":1057,"path":1778,"ratio":999,"uriTemplate":3847,"width":1057},{"cropCenter":1780,"scaleHeight":1781,"scaleWidth":1782},{"1-1-small":3849},{"maxHeight":1057,"maxWidth":1057,"ratio":999,"renditions":3850,"uriTemplate":3856},[3851,3853,3855],{"height":3770,"url":3852,"width":3770},"https://dm.apac.cms.aldi.cx/is/image/aldiprodapac/Pantry_CategoryThumbnails%3A1-1?wid=1440&hei=1440&fit=stretch&qlt=85",{"height":3756,"url":3854,"width":3756},"https://dm.apac.cms.aldi.cx/is/image/aldiprodapac/Pantry_CategoryThumbnails%3A1-1?wid=768&hei=768&fit=stretch&qlt=85",{"height":1008,"url":1787,"width":1008},{"scaleHeight":1789,"scaleWidth":1790},{":isValid":966,":type":3808,"categoryId":1250,"categoryName":3858,"categoryUrlSlugText":3415,"image":3859},"Meat & Seafood",{":reference-type":993,"altText":3858,"originals":3860,"variants":3863},[3861],{"height":997,"path":1374,"ratio":999,"uriTemplate":3862,"width":997},{"cropCenter":1376,"scaleHeight":1377,"scaleWidth":1378},{"1-1-small":3864},{"maxHeight":997,"maxWidth":997,"ratio":999,"renditions":3865,"uriTemplate":3867},[3866],{"height":1008,"url":1383,"width":1008},{"scaleHeight":1385,"scaleWidth":1386},{":isValid":966,":type":3808,"categoryId":1792,"categoryName":3869,"categoryUrlSlugText":3415,"image":3870},"Liquor",{":reference-type":993,"altText":3869,"originals":3871,"variants":3874},[3872],{"height":1973,"path":1974,"ratio":1975,"uriTemplate":3873,"width":997},{"cropCenter":1977,"scaleHeight":1978,"scaleWidth":1979},{"1-1-small":3875},{"maxHeight":997,"maxWidth":997,"ratio":999,"renditions":3876,"uriTemplate":3878},[3877],{"height":1008,"url":1984,"width":1008},{"scaleHeight":1986,"scaleWidth":1987},{":isValid":966,":type":3808,"categoryId":2203,"categoryName":3880,"categoryUrlSlugText":3415,"image":3881},"Bakery",{":reference-type":993,"altText":3880,"originals":3882,"variants":3885},[3883],{"height":997,"path":2270,"ratio":999,"uriTemplate":3884,"width":997},{"cropCenter":2272,"scaleHeight":2273,"scaleWidth":2274},{"1-1-small":3886},{"maxHeight":997,"maxWidth":997,"ratio":999,"renditions":3887,"uriTemplate":3889},[3888],{"height":1008,"url":2279,"width":1008},{"scaleHeight":2281,"scaleWidth":2282},{":isValid":966,":type":3808,"categoryId":2838,"categoryName":3891,"categoryUrlSlugText":3415,"image":3892},"Deli",{":reference-type":993,"altText":3891,"originals":3893,"variants":3896},[3894],{"height":997,"path":2943,"ratio":999,"uriTemplate":3895,"width":997},{"cropCenter":2945,"scaleHeight":2946,"scaleWidth":2947},{"1-1-small":3897},{"maxHeight":997,"maxWidth":997,"ratio":999,"renditions":3898,"uriTemplate":3900},[3899],{"height":1008,"url":2952,"width":1008},{"scaleHeight":2954,"scaleWidth":2955},{":isValid":966,":type":3808,"categoryId":3208,"categoryName":3902,"categoryUrlSlugText":3415,"image":3903},"Easter",{":reference-type":993,"altText":3902,"originals":3904,"variants":3907},[3905],{"height":997,"path":3217,"ratio":999,"uriTemplate":3906,"width":997},{"cropCenter":3219,"scaleHeight":3220,"scaleWidth":3221},{"1-1-small":3908},{"maxHeight":997,"maxWidth":997,"ratio":999,"renditions":3909,"uriTemplate":3911},[3910],{"height":1008,"url":3226,"width":1008},{"scaleHeight":3228,"scaleWidth":3229},{":isValid":966,":type":3808,"categoryId":2643,"categoryName":3913,"categoryUrlSlugText":3415,"image":3914},"Cleaning & Household",{":reference-type":993,"altText":3913,"originals":3915,"variants":3918},[3916],{"height":997,"path":2824,"ratio":999,"uriTemplate":3917,"width":997},{"cropCenter":2826,"scaleHeight":2827,"scaleWidth":2828},{"1-1-small":3919},{"maxHeight":997,"maxWidth":997,"ratio":999,"renditions":3920,"uriTemplate":3922},[3921],{"height":1008,"url":2833,"width":1008},{"scaleHeight":2835,"scaleWidth":2836},{":isValid":966,":type":3808,"categoryId":2284,"categoryName":3924,"categoryUrlSlugText":3415,"image":3925},"Fruit & Vegetable",{":reference-type":993,"altText":3924,"originals":3926,"variants":3929},[3927],{"height":997,"path":2389,"ratio":999,"uriTemplate":3928,"width":997},{"cropCenter":2391,"scaleHeight":2392,"scaleWidth":2393},{"1-1-small":3930},{"maxHeight":997,"maxWidth":997,"ratio":999,"renditions":3931,"uriTemplate":3933},[3932],{"height":1008,"url":2398,"width":1008},{"scaleHeight":2400,"scaleWidth":2401},{":isValid":966,":type":3808,"categoryId":3231,"categoryName":3935,"categoryUrlSlugText":3415,"image":3936},"Snacks & Confectionary",{":reference-type":993,"altText":3935,"originals":3937,"variants":3940},[3938],{"height":1973,"path":3240,"ratio":999,"uriTemplate":3939,"width":1973},{"cropCenter":3242,"scaleHeight":3243,"scaleWidth":3244},{"1-1-small":3941},{"maxHeight":1973,"maxWidth":1973,"ratio":999,"renditions":3942,"uriTemplate":3944},[3943],{"height":1008,"url":3249,"width":1008},{"scaleHeight":3251,"scaleWidth":3252},{":isValid":966,":type":3808,"categoryId":2957,"categoryName":3946,"categoryUrlSlugText":3415,"image":3947},"Dairy,  Eggs & Fridge",{":reference-type":993,"altText":3946,"originals":3948,"variants":3951},[3949],{"height":997,"path":3194,"ratio":999,"uriTemplate":3950,"width":997},{"cropCenter":3196,"scaleHeight":3197,"scaleWidth":3198},{"1-1-small":3952},{"maxHeight":997,"maxWidth":997,"ratio":999,"renditions":3953,"uriTemplate":3955},[3954],{"height":1008,"url":3203,"width":1008},{"scaleHeight":3205,"scaleWidth":3206},{":isValid":966,":type":3808,"categoryId":2403,"categoryName":3957,"categoryUrlSlugText":3415,"image":3958},"Freezer",{":reference-type":993,"altText":3957,"originals":3959,"variants":3962},[3960],{"height":997,"path":2584,"ratio":999,"uriTemplate":3961,"width":997},{"cropCenter":2586,"scaleHeight":2587,"scaleWidth":2588},{"1-1-small":3963},{"maxHeight":997,"maxWidth":997,"ratio":999,"renditions":3964,"uriTemplate":3966},[3965],{"height":1008,"url":2593,"width":1008},{"scaleHeight":2595,"scaleWidth":2596},{":isValid":966,":type":3808,"categoryId":3292,"categoryName":3968,"categoryUrlSlugText":3415,"image":3969},"Super Savers",{":reference-type":993,"altText":3968,"originals":3970,"variants":3973},[3971],{"height":997,"path":3301,"ratio":999,"uriTemplate":3972,"width":997},{"cropCenter":3303,"scaleHeight":3304,"scaleWidth":3305},{"1-1-small":3974},{"maxHeight":997,"maxWidth":997,"ratio":999,"renditions":3975,"uriTemplate":3977},[3976],{"height":1008,"url":3310,"width":1008},{"scaleHeight":3312,"scaleWidth":3313},{":isValid":966,":type":3808,"categoryId":3254,"categoryName":3979,"categoryUrlSlugText":3415,"image":3980},"Front of Store",{":reference-type":993,"altText":3979,"originals":3981,"variants":3984},[3982],{"height":1973,"path":3263,"ratio":1975,"uriTemplate":3983,"width":997},{"cropCenter":3265,"scaleHeight":3266,"scaleWidth":3267},{"1-1-small":3985},{"maxHeight":997,"maxWidth":997,"ratio":999,"renditions":3986,"uriTemplate":3988},[3987],{"height":1008,"url":3272,"width":1008},{"scaleHeight":3274,"scaleWidth":3275},{":isValid":966,":type":3808,"categoryId":1989,"categoryName":3990,"categoryUrlSlugText":3415,"image":3991},"Health & Beauty",{":reference-type":993,"altText":3990,"originals":3992,"variants":3995},[3993],{"height":997,"path":2189,"ratio":999,"uriTemplate":3994,"width":997},{"cropCenter":2191,"scaleHeight":2192,"scaleWidth":2193},{"1-1-small":3996},{"maxHeight":997,"maxWidth":997,"ratio":999,"renditions":3997,"uriTemplate":3999},[3998],{"height":1008,"url":2198,"width":1008},{"scaleHeight":2200,"scaleWidth":2201},{":isValid":966,":type":3808,"categoryId":2598,"categoryName":4001,"categoryUrlSlugText":3415,"image":4002},"Pets",{":reference-type":993,"altText":4001,"originals":4003,"variants":4006},[4004],{"height":1973,"path":2629,"ratio":1975,"uriTemplate":4005,"width":997},{"cropCenter":2631,"scaleHeight":2632,"scaleWidth":2633},{"1-1-small":4007},{"maxHeight":997,"maxWidth":997,"ratio":999,"renditions":4008,"uriTemplate":4010},[4009],{"height":1008,"url":2638,"width":1008},{"scaleHeight":2640,"scaleWidth":2641},[4012,4013,4014,4015,4016,4017,4018,4019,4020,4021,4022,4023,4024,4025,4026,4027,4028,4029],"item_771628696_copy__179407538","item_771628696_copy__405526702","item_1133023777_copy","item_771628696_copy__193771434","item_771628696_copy_650868736","item_771628696_copy__1681557593","item_771628696_copy__216336904","item_771628696_copy_","item_771628696_copy__1318269049","item_771628696_copy__293951034","item_771628696","item_771628696_copy__837344066","item_771628696_copy","item_771628696_copy__1871953771","item_771628696_copy__839086432","item_771628696_copy__1290464986","item_771628696_copy__2094287818","item_771628696_copy__585279487",[4031,4032],"mobileApp","web","aldi/commerce/components/productCategoryTeaserList","BROWSE CATEGORIES",{":type":4036},"aldi/commerce/components/productListingGridPlaceholder",[4038,4039,4040],"overlayboxteaser","productcategorytease","productlistinggridpl","aldi/structure/components/containers/container",[4043],"content",[4045],"root","aldi/structure/components/page",{"description":4048,"robotsDirective":3414,"title":4049},"Like Brands. Only Cheaper. Our carefully selected and exclusive grocery range is comprehensive enough to meet your everyday needs.","Grocery Shopping | Everyday Grocery Range - ALDI Australia",{"openGraphDescription":4048,"openGraphTitle":4049,"twitterCard":4051,"twitterDescription":4048,"twitterTitle":4049},"summary",["Ref",966],{"_selectedMerchant":4054,"_isOverlayVisible":4068,"_isConfirmAlertVisible":4069,"_isConflictAlertVisible":4070,"_selectedService":4071,"_conflict":4073,"_overlayDefaultServiceType":4075,"_isSelectionConfirmed":4076,"_merchantAlertVisibility":4077,"_merchantAndCartConflictResolutionDisabled":4078,"_isStoreSelectedBasedOnURLCoordinates":4079},["Ref",4055],["Reactive",4056],{"reference":4057,"merchantName":4058,"merchantUrl":973,"publicEmail":973,"publicPhone":973,"description":973,"latitude":4059,"longitude":4060,"faxNumber":973,"address":4061,"openHours":-1},"G452","1 Town Terrace","-33.78734700000000","150.66859400000000",{"countryName":4062,"address1":4058,"address2":973,"address3":973,"city":4063,"zipCode":4064,"latitude":4059,"longitude":4060,"countryIsoCode":4065,"regionName":4066,"regionIsoCode":4067},"Australia","Glenmore Park","2745","AU","New South Wales","NSW",["EmptyRef",3317],["EmptyRef",3317],["EmptyRef",3317],["Ref",4072],"walk-in",["EmptyRef",4074],"null",["EmptyRef",4074],["EmptyRef",3317],["EmptyRef",3317],["EmptyRef",3317],["EmptyRef",3317],{"search":4081,"store":4085,"payment":4089,"summaryTotals":4090,"order":4091},["Ref",4082],["Reactive",4083],{"skipFacets":4084},[],["Ref",4086],["Reactive",4087],{"isTransactional":4088,"withAuthentication":4088,"isBloomreachSearchABTest":4088,"withMerchantSelector":966,"withSearch":966},false,["skipHydrate",999],["skipHydrate",999],["skipHydrate",999],{"_defaultServiceType":4093,"_defaultMerchantId":4094,"_isBEAvailable":4095,"_currency":4096,"_countryIsoCode":4100,"_countryName":4101,"_zipRegex":4102,"_availableServiceTypes":4104,"_paymentBufferPercent":4107,"_pickupTipVisible":4109,"_deliveryTipVisible":4110,"_paymentMethods":4111,"_frontendTimeslotReservationExpirationThresholdSeconds":4114,"_checkoutAddressEditable":4116,"_phoneNumberDeliveryMandatory":4117,"_phoneNumberPickupMandatory":4118,"_mobilePhoneNumberRegex":4119,"_manualAddressValidationRegexAddressLine1":4121,"_manualAddressValidationRegexCity":4123,"_addressLine2Regex":4125,"_firstNameRegex":4127,"_lastNameRegex":4129,"_storeLocale":4131,"_regions":4136},["Ref",4072],["Ref",4057],["Ref",966],["Ref",4097],["Reactive",4098],{"code":3421,"name":4099},"Australian Dollar",["Ref",4065],["Ref",4062],["Ref",4103],["RegExp","^\\d{4}$"],["Ref",4105],["Reactive",4106],[4072],["EmptyRef",4108],"0",["EmptyRef",3317],["EmptyRef",3317],["Ref",4112],["Reactive",4113],[],["Ref",4115],"20",["Ref",966],["EmptyRef",3317],["EmptyRef",3317],["Ref",4120],["RegExp","^04\\d{8}$"],["Ref",4122],["RegExp","^[A-Za-zàáâäãåąčćęèéêëėįìíîïłńòóôöõøùúûüųūÿýżźñçčšžÀÁÂÄÃÅĄĆČĖĘÈÉÊËÌÍÎÏĮŁŃÒÓÔÖÕØÙÚÛÜŲŪŸÝŻŹÑßÇŒÆČŠŽ∂ð\\d\\-\\/\\.,;_'#+()@&\\\"!?:\\s]{1,40}$"],["Ref",4124],["RegExp","^[A-Za-zàáâäãåąčćęèéêëėįìíîïłńòóôöõøùúûüųūÿýżźñçčšžÀÁÂÄÃÅĄĆČĖĘÈÉÊËÌÍÎÏĮŁŃÒÓÔÖÕØÙÚÛÜŲŪŸÝŻŹÑßÇŒÆČŠŽ∂ð\\d\\-\\/\\.,;_'#+()@&\\\"!?:\\s]{1,80}$"],["Ref",4126],["RegExp","^.{0,80}$"],["Ref",4128],["RegExp","^(?=.{1,40}$)^[a-zA-Z\\u00C0-\\u00FF\\u0100-\\u017F\\u2202]+\\.?([ '-.][a-zA-Z\\u00C0-\\u00FF\\u0100-\\u017F\\u2202]+\\.?)*$"],["Ref",4130],["RegExp","^(?=.{1,40}$)^[a-zA-Z\\u00C0-\\u00FF\\u0100-\\u017F\\u2202]+\\.?([ '-.][a-zA-Z\\u00C0-\\u00FF\\u0100-\\u017F\\u2202]+\\.?)*$"],["Ref",4132],["Reactive",4133],{"code":4134,"name":4135},"en","en_AU",["Ref",4137],["Reactive",4138],[4139,4140,4143,4146,4149,4152,4155,4158],{"regionName":4066,"regionIsoCode":4067},{"regionName":4141,"regionIsoCode":4142},"Queensland","QLD",{"regionName":4144,"regionIsoCode":4145},"South Australia","SA",{"regionName":4147,"regionIsoCode":4148},"Tasmanien","TAS",{"regionName":4150,"regionIsoCode":4151},"Victoria","VIC",{"regionName":4153,"regionIsoCode":4154},"Western Australia","WA",{"regionName":4156,"regionIsoCode":4157},"Australian Capital Territory","ACT",{"regionName":4159,"regionIsoCode":4160},"Northern Territory","NT",{"sameAddress":4162,"_cart":4163,"_pendingCartItemUpdates":4164,"_pendingCartProductRestore":4167,"_mayLoseCartItems":4168,"_productsToRemoveFromCart":4171,"_miniCartModalVisible":4174,"_merchantAndServiceConflictsStopHandle":4175,"_lastRemovedCartProduct":4176,"_cartPromotionModalVisible":4177},["Ref",966],["EmptyRef",3315],["Ref",4165],["Reactive",4166],{},["EmptyRef",3317],["Ref",4169],["Reactive",4170],[],["Ref",4172],["Reactive",4173],[],["EmptyRef",3317],["skipHydrate",999],["EmptyRef",3315],["EmptyRef",3317],{"_userDetails":4179,"_newPhoneNumber":4180,"isSavePhoneNumberChecked":4182},["EmptyRef",4074],["EmptyRef",4181],"\"\"",["EmptyRef",3317],{"_notifications":4184},["Ref",4185],["Reactive",4186],[],{"_text":4188},["EmptyRef",4181],{"_initialized":4190,"_shopInitialized":4191,"_mobileMode":4192,"_mawiLoggerEnabled":4193,"_urlQuery":4194,"_isInitError":4195,"_lastAuthAction":4196,"_categoryTreeOfMerchant":4197,"_pageScrollState":4677,"_stickyContainerHeight":4678},["Ref",966],["EmptyRef",3317],["EmptyRef",3317],["EmptyRef",3317],["EmptyRef",3315],["EmptyRef",3317],["EmptyRef",4074],["Ref",4198],["Reactive",4199],[4200,4204,4207,4231,4258,4282,4329,4410,4425,4464,4494,4537,4548,4583,4609,4644,4664],{"name":3968,"categoryKey":3292,"slug":4201,"nodeId":4202,"children":4203},"super-savers/super-savers","undefined",[],{"name":3809,"categoryKey":3277,"slug":4205,"nodeId":4202,"children":4206},"limited-time-only",[],{"name":4208,"categoryKey":2284,"slug":4209,"nodeId":4202,"children":4210},"Fruits & Vegetables","fruits-vegetables",[4211,4215,4219,4223,4227],{"name":4212,"categoryKey":2291,"slug":4213,"nodeId":4202,"children":4214},"Fresh Fruits","fruits-vegetables/fresh-fruits",[],{"name":4216,"categoryKey":2310,"slug":4217,"nodeId":4202,"children":4218},"Fresh Vegetables","fruits-vegetables/fresh-vegetables",[],{"name":4220,"categoryKey":2329,"slug":4221,"nodeId":4202,"children":4222},"Salads","fruits-vegetables/salads",[],{"name":4224,"categoryKey":2348,"slug":4225,"nodeId":4202,"children":4226},"Prepared Vegetables","fruits-vegetables/prepared-vegetables",[],{"name":4228,"categoryKey":2367,"slug":4229,"nodeId":4202,"children":4230},"Fresh Herbs","fruits-vegetables/fresh-herbs",[],{"name":3858,"categoryKey":1250,"slug":4232,"nodeId":4202,"children":4233},"meat-seafood",[4234,4238,4242,4246,4250,4254],{"name":4235,"categoryKey":1257,"slug":4236,"nodeId":4202,"children":4237},"Beef","meat-seafood/beef",[],{"name":4239,"categoryKey":1276,"slug":4240,"nodeId":4202,"children":4241},"Pork","meat-seafood/pork",[],{"name":4243,"categoryKey":1295,"slug":4244,"nodeId":4202,"children":4245},"Poultry","meat-seafood/poultry",[],{"name":4247,"categoryKey":1314,"slug":4248,"nodeId":4202,"children":4249},"Sausage","meat-seafood/sausage",[],{"name":4251,"categoryKey":1333,"slug":4252,"nodeId":4202,"children":4253},"Seafood","meat-seafood/seafood",[],{"name":4255,"categoryKey":1352,"slug":4256,"nodeId":4202,"children":4257},"Lamb","meat-seafood/lamb",[],{"name":4259,"categoryKey":2838,"slug":4260,"nodeId":4202,"children":4261},"Deli & Chilled Meats","deli-chilled-meats",[4262,4266,4270,4274,4278],{"name":4263,"categoryKey":2845,"slug":4264,"nodeId":4202,"children":4265},"Deli Meats","deli-chilled-meats/deli-meats",[],{"name":4267,"categoryKey":2864,"slug":4268,"nodeId":4202,"children":4269},"Dips & Spreads","deli-chilled-meats/dips-spreads",[],{"name":4271,"categoryKey":2883,"slug":4272,"nodeId":4202,"children":4273},"Antipasto","deli-chilled-meats/antipasto",[],{"name":4275,"categoryKey":2902,"slug":4276,"nodeId":4202,"children":4277},"Lunch Box","deli-chilled-meats/lunch-box",[],{"name":4279,"categoryKey":2921,"slug":4280,"nodeId":4202,"children":4281},"Vegetarian & Vegan","deli-chilled-meats/vegetarian-vegan",[],{"name":4283,"categoryKey":2957,"slug":4284,"nodeId":4202,"children":4285},"Dairy, Eggs & Fridge","dairy-eggs-fridge",[4286,4290,4294,4298,4302,4306,4310,4313,4317,4321,4325],{"name":4287,"categoryKey":2964,"slug":4288,"nodeId":4202,"children":4289},"Milk","dairy-eggs-fridge/milk",[],{"name":4291,"categoryKey":2983,"slug":4292,"nodeId":4202,"children":4293},"Long Life Milk","dairy-eggs-fridge/long-life-milk",[],{"name":4295,"categoryKey":3002,"slug":4296,"nodeId":4202,"children":4297},"Eggs","dairy-eggs-fridge/eggs",[],{"name":4299,"categoryKey":3021,"slug":4300,"nodeId":4202,"children":4301},"Cheese","dairy-eggs-fridge/cheese",[],{"name":4303,"categoryKey":3059,"slug":4304,"nodeId":4202,"children":4305},"Creams & Custards","dairy-eggs-fridge/creams-custards",[],{"name":4307,"categoryKey":3078,"slug":4308,"nodeId":4202,"children":4309},"Butter & Margarine","dairy-eggs-fridge/butter-margarine",[],{"name":4275,"categoryKey":3097,"slug":4311,"nodeId":4202,"children":4312},"dairy-eggs-fridge/lunch-box",[],{"name":4314,"categoryKey":3116,"slug":4315,"nodeId":4202,"children":4316},"Desserts","dairy-eggs-fridge/desserts",[],{"name":4318,"categoryKey":3135,"slug":4319,"nodeId":4202,"children":4320},"Ready to Eat Meals","dairy-eggs-fridge/ready-to-eat-meals",[],{"name":4322,"categoryKey":3040,"slug":4323,"nodeId":4202,"children":4324},"Yogurt","dairy-eggs-fridge/yoghurt",[],{"name":4326,"categoryKey":3172,"slug":4327,"nodeId":4202,"children":4328},"Meal Kits","dairy-eggs-fridge/meal-kits",[],{"name":3843,"categoryKey":1388,"slug":4330,"nodeId":4202,"children":4331},"pantry",[4332,4336,4340,4344,4348,4352,4356,4360,4364,4368,4372,4376,4380,4384,4388,4391,4395,4399,4403,4407],{"name":4333,"categoryKey":1395,"slug":4334,"nodeId":4202,"children":4335},"Jams & Spreads","pantry/jams-spreads",[],{"name":4337,"categoryKey":1414,"slug":4338,"nodeId":4202,"children":4339},"Canned Food","pantry/canned-food",[],{"name":4341,"categoryKey":1433,"slug":4342,"nodeId":4202,"children":4343},"Oils & Vinegars","pantry/oils-vinegars",[],{"name":4345,"categoryKey":1452,"slug":4346,"nodeId":4202,"children":4347},"Sauces","pantry/sauces",[],{"name":4349,"categoryKey":1471,"slug":4350,"nodeId":4202,"children":4351},"Herbs & Spices","pantry/herbs-spices",[],{"name":4353,"categoryKey":1490,"slug":4354,"nodeId":4202,"children":4355},"Tea, Coffee & Hot Chocolate","pantry/tea-coffee-hot-chocolate",[],{"name":4357,"categoryKey":1509,"slug":4358,"nodeId":4202,"children":4359},"Stocks & Gravy","pantry/stocks-gravy",[],{"name":4361,"categoryKey":1528,"slug":4362,"nodeId":4202,"children":4363},"Condiments & Dressings","pantry/condiments-dressings",[],{"name":4365,"categoryKey":1547,"slug":4366,"nodeId":4202,"children":4367},"Pasta, Rice & Grains","pantry/pasta-rice-grains",[],{"name":4369,"categoryKey":1566,"slug":4370,"nodeId":4202,"children":4371},"Cereals & Muesli","pantry/cereals-muesli",[],{"name":4373,"categoryKey":1699,"slug":4374,"nodeId":4202,"children":4375},"Confectionery","pantry/confectionery",[],{"name":4377,"categoryKey":1585,"slug":4378,"nodeId":4202,"children":4379},"Crackers & Crisp Breads","pantry/crackers-crisp-breads",[],{"name":4381,"categoryKey":1718,"slug":4382,"nodeId":4202,"children":4383},"Chips, Corn Chips & Other","pantry/chips-corn-chips-other",[],{"name":4385,"categoryKey":1680,"slug":4386,"nodeId":4202,"children":4387},"Biscuit & Cookies","pantry/biscuit-cookies",[],{"name":4275,"categoryKey":1604,"slug":4389,"nodeId":4202,"children":4390},"pantry/lunch-box",[],{"name":4392,"categoryKey":1737,"slug":4393,"nodeId":4202,"children":4394},"Dried Fruits, Nuts & Jerky","pantry/dried-fruits-nuts-jerky",[],{"name":4396,"categoryKey":1623,"slug":4397,"nodeId":4202,"children":4398},"Health Foods","pantry/health-foods",[],{"name":4400,"categoryKey":1642,"slug":4401,"nodeId":4202,"children":4402},"Soups & Noodles","pantry/soups-noodles",[],{"name":4404,"categoryKey":1661,"slug":4405,"nodeId":4202,"children":4406},"Baking","pantry/baking",[],{"name":4326,"categoryKey":1756,"slug":4408,"nodeId":4202,"children":4409},"pantry/meal-kits",[],{"name":3880,"categoryKey":2203,"slug":4411,"nodeId":4202,"children":4412},"bakery",[4413,4417,4421],{"name":4414,"categoryKey":2210,"slug":4415,"nodeId":4202,"children":4416},"Muffins, Cakes & Other","bakery/muffins-cakes-other",[],{"name":4418,"categoryKey":2229,"slug":4419,"nodeId":4202,"children":4420},"Sliced Breads","bakery/sliced-breads",[],{"name":4422,"categoryKey":2248,"slug":4423,"nodeId":4202,"children":4424},"Speciality Breads & Rolls","bakery/speciality-breads-rolls",[],{"name":3957,"categoryKey":2403,"slug":4426,"nodeId":4202,"children":4427},"freezer",[4428,4432,4436,4440,4444,4448,4452,4456,4460],{"name":4429,"categoryKey":2410,"slug":4430,"nodeId":4202,"children":4431},"Chips & Wedges","freezer/chips-wedges",[],{"name":4433,"categoryKey":2429,"slug":4434,"nodeId":4202,"children":4435},"Frozen Fruit & Vegetables","freezer/frozen-fruit-vegetables",[],{"name":4437,"categoryKey":2448,"slug":4438,"nodeId":4202,"children":4439},"Ice Cream Snacks","freezer/ice-cream-snacks",[],{"name":4441,"categoryKey":2467,"slug":4442,"nodeId":4202,"children":4443},"Ice Cream Tubs","freezer/ice-cream-tubs",[],{"name":4445,"categoryKey":2486,"slug":4446,"nodeId":4202,"children":4447},"Frozen Desserts","freezer/frozen-desserts",[],{"name":4449,"categoryKey":2505,"slug":4450,"nodeId":4202,"children":4451},"Frozen Pizzas","freezer/frozen-pizzas",[],{"name":4453,"categoryKey":2524,"slug":4454,"nodeId":4202,"children":4455},"Frozen Meat & Seafood","freezer/frozen-meat-seafood",[],{"name":4457,"categoryKey":2543,"slug":4458,"nodeId":4202,"children":4459},"Frozen Ready Meals","freezer/frozen-ready-meals",[],{"name":4461,"categoryKey":2562,"slug":4462,"nodeId":4202,"children":4463},"Frozen Party Food & Snacks","freezer/frozen-party-food-snacks",[],{"name":3821,"categoryKey":982,"slug":4465,"nodeId":4202,"children":4466},"drinks",[4467,4471,4475,4479,4483,4486,4490],{"name":4468,"categoryKey":991,"slug":4469,"nodeId":4202,"children":4470},"Soft Drinks","drinks/soft-drinks",[],{"name":4472,"categoryKey":1014,"slug":4473,"nodeId":4202,"children":4474},"Juices & Cordials","drinks/juices-cordials",[],{"name":4476,"categoryKey":1033,"slug":4477,"nodeId":4202,"children":4478},"Water","drinks/water",[],{"name":4480,"categoryKey":1052,"slug":4481,"nodeId":4202,"children":4482},"Sports & Energy","drinks/sports-energy",[],{"name":4353,"categoryKey":1072,"slug":4484,"nodeId":4202,"children":4485},"drinks/tea-coffee-hot-chocolate",[],{"name":4487,"categoryKey":1091,"slug":4488,"nodeId":4202,"children":4489},"Flavoured Milk","drinks/flavoured-milk",[],{"name":4491,"categoryKey":1110,"slug":4492,"nodeId":4202,"children":4493},"Iced Tea & Kombucha","drinks/iced-tea-kombucha",[],{"name":3990,"categoryKey":1989,"slug":4495,"nodeId":4202,"children":4496},"health-beauty",[4497,4501,4505,4509,4513,4517,4521,4525,4529,4533],{"name":4498,"categoryKey":2167,"slug":4499,"nodeId":4202,"children":4500},"Vitamins, Sports & Nutrition","health-beauty/vitamins-sports-nutrition",[],{"name":4502,"categoryKey":2148,"slug":4503,"nodeId":4202,"children":4504},"Sun & Skin Care","health-beauty/sun-skin-care",[],{"name":4506,"categoryKey":2129,"slug":4507,"nodeId":4202,"children":4508},"Shower & Bath Care","health-beauty/shower-bath-care",[],{"name":4510,"categoryKey":2034,"slug":4511,"nodeId":4202,"children":4512},"Period & Incontinence Care","health-beauty/period-care",[],{"name":4514,"categoryKey":2110,"slug":4515,"nodeId":4202,"children":4516},"Personal Care & Hygiene","health-beauty/personal-care-hygiene",[],{"name":4518,"categoryKey":2053,"slug":4519,"nodeId":4202,"children":4520},"First Aid & Medicinal","health-beauty/first-aid-medicinal",[],{"name":4522,"categoryKey":1996,"slug":4523,"nodeId":4202,"children":4524},"Cosmetics","health-beauty/cosmetics",[],{"name":4526,"categoryKey":2015,"slug":4527,"nodeId":4202,"children":4528},"Dental Care","health-beauty/dental-care",[],{"name":4530,"categoryKey":2072,"slug":4531,"nodeId":4202,"children":4532},"Hair Care","health-beauty/hair-care",[],{"name":4534,"categoryKey":2091,"slug":4535,"nodeId":4202,"children":4536},"Hair Removal","health-beauty/hair-removal",[],{"name":3832,"categoryKey":1146,"slug":4538,"nodeId":4202,"children":4539},"baby",[4540,4544],{"name":4541,"categoryKey":1172,"slug":4542,"nodeId":4202,"children":4543},"Baby Nappies & Wipes","baby/baby-nappies-wipes",[],{"name":4545,"categoryKey":1153,"slug":4546,"nodeId":4202,"children":4547},"Baby Food","baby/baby-food",[],{"name":3913,"categoryKey":2643,"slug":4549,"nodeId":4202,"children":4550},"cleaning-household",[4551,4555,4559,4563,4567,4571,4575,4579],{"name":4552,"categoryKey":2726,"slug":4553,"nodeId":4202,"children":4554},"Laundry","cleaning-household/laundry",[],{"name":4556,"categoryKey":2688,"slug":4557,"nodeId":4202,"children":4558},"Cleaning","cleaning-household/cleaning",[],{"name":4560,"categoryKey":2669,"slug":4561,"nodeId":4202,"children":4562},"Bathroom","cleaning-household/bathroom",[],{"name":4564,"categoryKey":2707,"slug":4565,"nodeId":4202,"children":4566},"Kitchen","cleaning-household/kitchen",[],{"name":4568,"categoryKey":2764,"slug":4569,"nodeId":4202,"children":4570},"Pest Control","cleaning-household/pest-control",[],{"name":4572,"categoryKey":2802,"slug":4573,"nodeId":4202,"children":4574},"Home Essentials","cleaning-household/home-essentials",[],{"name":4576,"categoryKey":2783,"slug":4577,"nodeId":4202,"children":4578},"Toilet Paper, Tissues & Paper Towels","cleaning-household/toilet-paper-tissues-paper-towels",[],{"name":4580,"categoryKey":2650,"slug":4581,"nodeId":4202,"children":4582},"Air Fresheners & Fragrances","cleaning-household/air-fresheners-fragrances",[],{"name":4001,"categoryKey":2598,"slug":4584,"nodeId":4202,"children":4585},"pets",[4586,4590,4594,4599,4604],{"name":4587,"categoryKey":2605,"slug":4588,"nodeId":4202,"children":4589},"Cat & Kitten","pets/cat-kitten",[],{"name":4591,"categoryKey":2624,"slug":4592,"nodeId":4202,"children":4593},"Dogs & Puppy","pets/dogs-puppy",[],{"name":4595,"categoryKey":4596,"slug":4597,"nodeId":4202,"children":4598},"Birds","1111111229","pets/birds",[],{"name":4600,"categoryKey":4601,"slug":4602,"nodeId":4202,"children":4603},"Fish","1111111230","pets/fish",[],{"name":4605,"categoryKey":4606,"slug":4607,"nodeId":4202,"children":4608},"Small Pets","1111111231","pets/small-pets",[],{"name":3869,"categoryKey":1792,"slug":4610,"nodeId":4202,"children":4611},"liquor",[4612,4616,4620,4624,4628,4632,4636,4640],{"name":4613,"categoryKey":1799,"slug":4614,"nodeId":4202,"children":4615},"Beer","liquor/beer",[],{"name":4617,"categoryKey":1932,"slug":4618,"nodeId":4202,"children":4619},"Cider","liquor/cider",[],{"name":4621,"categoryKey":1837,"slug":4622,"nodeId":4202,"children":4623},"White Wine","liquor/white-wine",[],{"name":4625,"categoryKey":1894,"slug":4626,"nodeId":4202,"children":4627},"Red Wine","liquor/red-wine",[],{"name":4629,"categoryKey":1818,"slug":4630,"nodeId":4202,"children":4631},"Rose","liquor/rose",[],{"name":4633,"categoryKey":1856,"slug":4634,"nodeId":4202,"children":4635},"Sparkling & Champagne","liquor/sparkling-champagne",[],{"name":4637,"categoryKey":1875,"slug":4638,"nodeId":4202,"children":4639},"Spirits","liquor/spirits",[],{"name":4641,"categoryKey":1951,"slug":4642,"nodeId":4202,"children":4643},"Premixed","liquor/premixed",[],{"name":4645,"categoryKey":3231,"slug":4646,"nodeId":4202,"children":4647},"Snacks & Confectionery","snacks-confectionery",[4648,4652,4656,4660],{"name":4373,"categoryKey":4649,"slug":4650,"nodeId":4202,"children":4651},"1588161408332088","snacks-confectionery/confectionery",[],{"name":4381,"categoryKey":4653,"slug":4654,"nodeId":4202,"children":4655},"1588161408332089","snacks-confectionery/chips-corn-chips-other",[],{"name":4392,"categoryKey":4657,"slug":4658,"nodeId":4202,"children":4659},"1588161408332090","snacks-confectionery/dried-fruits-nuts-jerky",[],{"name":4385,"categoryKey":4661,"slug":4662,"nodeId":4202,"children":4663},"1588161408332091","snacks-confectionery/biscuit-cookies",[],{"name":3979,"categoryKey":3254,"slug":4665,"nodeId":4202,"children":4666},"front-of-store",[4667,4672],{"name":4668,"categoryKey":4669,"slug":4670,"nodeId":4202,"children":4671},"Shopping Bags & Token","1588161408332093","front-of-store/shopping-bags-token",[],{"name":4673,"categoryKey":4674,"slug":4675,"nodeId":4202,"children":4676},"Flowers","1588161408332095","front-of-store/flowers",[],["EmptyRef",4108],["EmptyRef",4074],{"_sameMessageToggle":4680,"_timeslotReservationTimeoutId":4681,"_isMaxPinAttemptError":4682,"_timeslotIsValid":4683,"_startFromStep":4684,"_paymentNotConfirmed":4685,"_totals":4686,"_expenses":4687,"_paymentDetails":4690,"_openedStep":4693,"_displayUnconfirmedStepsErrors":4694,"_timeslotEdited":4695,"_dateOfBirthEdited":4696,"_mobileNumberEdited":4697,"_paymentEdited":4698},["EmptyRef",3317],["EmptyRef",3315],["EmptyRef",3317],["EmptyRef",3317],["EmptyRef",4181],["EmptyRef",3317],["EmptyRef",4074],["Ref",4688],["Reactive",4689],[],["Ref",4691],["Reactive",4692],[],["EmptyRef",4181],["EmptyRef",3317],["EmptyRef",3317],["EmptyRef",3317],["EmptyRef",3317],["EmptyRef",3317],{"promotionTree":4700},["Ref",4701],["Reactive",4702],{"promotions":4703,"themes":4784},[4704,4715,4740,4756,4771],{"key":4705,"title":4706,"onSaleDateFrom":4705,"themes":4707},"2025-07-12","Available from Sat 12th July",[4708,4711],{"key":4709,"title":4709,"urlSlugText":4710},"Laundry Accessories","laundry-accessories",{"key":4712,"title":4713,"urlSlugText":4714},"Laundry Wash","Laundry Appliances","laundry-appliances",{"key":4716,"title":4717,"onSaleDateFrom":4716,"themes":4718},"2025-07-16","Available from Wed 16th July",[4719,4723,4727,4730,4732,4736],{"key":4720,"title":4721,"urlSlugText":4722},"$5 Health & Beauty","Beauty","beauty",{"key":4724,"title":4725,"urlSlugText":4726},"Master Chef Food","Food Themes","food-themes",{"key":4728,"title":4564,"urlSlugText":4729},"Master Chef","kitchen",{"key":4731,"title":3869,"urlSlugText":4610},"Alcohol Special",{"key":4733,"title":4734,"urlSlugText":4735},"Meat Specials","Meat","meat",{"key":4737,"title":4738,"urlSlugText":4739},"Bulk Household","Storage and Home","storage-and-home",{"key":4741,"title":4742,"onSaleDateFrom":4741,"themes":4743},"2025-07-19","Available from Sat 19th July",[4744,4748,4752],{"key":4745,"title":4746,"urlSlugText":4747},"Yoga","Sporting Goods","sporting-goods",{"key":4749,"title":4750,"urlSlugText":4751},"Home Entertainment","Technology and Entertainment","technology-and-entertainment",{"key":4753,"title":4754,"urlSlugText":4755},"12V Power Tools","Tools and DIY","tools-and-diy",{"key":4757,"title":4758,"onSaleDateFrom":4757,"themes":4759},"2025-07-23","Available from Wed 23rd July",[4760,4764,4768,4770],{"key":4761,"title":4762,"urlSlugText":4763},"Baby Accessories","Baby Clothes and Accessories","baby-clothes-and-accessories",{"key":4765,"title":4766,"urlSlugText":4767},"School Syllabus Fun","Educational Toys and Activities","educational-toys-and-activities",{"key":4769,"title":4725,"urlSlugText":4726},"Grocery Specials",{"key":4733,"title":4734,"urlSlugText":4735},{"key":4772,"title":4773,"onSaleDateFrom":4772,"themes":4774},"2025-07-26","Available from Sat 26th July",[4775,4779,4781],{"key":4776,"title":4777,"urlSlugText":4778},"Asian Kitchen","Asian Inspired Kitchenware","asian-inspired-kitchenware",{"key":4560,"title":4560,"urlSlugText":4780},"bathroom",{"key":4782,"title":4782,"urlSlugText":4783},"Flavours of Asia","flavours-of-asia",[4785,4786,4787,4788,4789,4790,4791,4792,4793,4794,4795,4796,4797,4798,4799,4800,4801],{"key":4776,"title":4777,"urlSlugText":4778},{"key":4761,"title":4762,"urlSlugText":4763},{"key":4560,"title":4560,"urlSlugText":4780},{"key":4720,"title":4721,"urlSlugText":4722},{"key":4765,"title":4766,"urlSlugText":4767},{"key":4782,"title":4782,"urlSlugText":4783},{"key":4724,"title":4725,"urlSlugText":4726},{"key":4769,"title":4725,"urlSlugText":4726},{"key":4728,"title":4564,"urlSlugText":4729},{"key":4709,"title":4709,"urlSlugText":4710},{"key":4712,"title":4713,"urlSlugText":4714},{"key":4731,"title":3869,"urlSlugText":4610},{"key":4733,"title":4734,"urlSlugText":4735},{"key":4745,"title":4746,"urlSlugText":4747},{"key":4737,"title":4738,"urlSlugText":4739},{"key":4749,"title":4750,"urlSlugText":4751},{"key":4753,"title":4754,"urlSlugText":4755},{"_headline":4803,"_text":4804,"_visible":4805},["EmptyRef",4181],["EmptyRef",4181],["Ref",966],{"_currentViewport":4807,"_breakpoints":4808},["skipHydrate",999],["skipHydrate",999],{"_paymentVersion":4810,"isInitialized":4812},["Ref",4811],"A",["EmptyRef",3317],{"inputQuery":4814,"isSearchFlyoutOpen":4815,"suggestionResult":4816,"isLoading":4817,"isLoadQueued":4818,"hasError":4819,"initialSearch":4820},["EmptyRef",4181],["EmptyRef",3317],["EmptyRef",4074],["EmptyRef",3317],["EmptyRef",3317],["EmptyRef",3317],["Ref",966],{"searchHistory":4822},["skipHydrate",999],{},{"searchResult":4825,"isLoading":4832},["Ref",4826],["Reactive",4827],{"meta":4828,"data":4831},{"facets":4829,"keywordRedirect":973,"pagination":973,"sort":4830,"spellingSuggestion":973},[],[],[],["EmptyRef",3317],{"checkoutFeaturePage":4834,"error":4835,"loading":4838},["EmptyRef",4074],["Ref",4836],["Reactive",4837],{"pdp":4088,"plp":4088},["EmptyRef",3317],{}]</script>
<script>window.__NUXT__={};window.__NUXT__.config={public:{FEATURE_ENABLE_PROMOTION_TREE:true,WEB_CSP_CONTENT_API_SRC:"https://publish.prod.apac.cms.aldi.cx",ACCESS_TOKEN_REFRESH_THRESHOLD_MS:15000,AEM_AUTHENTICATION_REQUIRED:false,AEM_COUNTRY_INDEX_URL:"https://publish.prod.apac.cms.aldi.cx/content/aldi/apac/au/web/main.content.v1.api/countryindex.json",ANTI_FLICKERING_SNIPPET_TIMEOUT_MS:3000,API_GATEWAY_BASE_URL:"https://api.aldi.com.au",API_AZURE_BASE_URL:"",APP_HOST_EXTERNAL:"https://www.aldi.com.au",COMMIT_HASH:"",DEBUG_AEM_CACHEKILLER:false,DEBUG_DEV_MODE:false,DEBUG_MAWI_LOGGER_ENABLED:false,DEBUG_MOBILE_MODE_ENABLED:false,DEBUG_SUPPORT_DYNAMIC_AEM_INDEX_URL:true,DEFAULT_SERVICE_TYPE:"walk-in",FEATURE_ENABLE_BUY_AGAIN_PAGE:false,FEATURE_ENABLE_NEW_ORDER_TOOLTIP:true,FEATURE_ENABLE_SAVE_MANUAL_ADDRESS:true,FEATURE_ENABLE_SHOW_I18N_KEYS:false,FEATURE_ENABLE_VUE_DEV_TOOLS:false,FEATURE_ENABLE_MERCHANT_SELECTION:true,FEATURE_IS_TRANSACTIONAL:false,FEATURE_IS_BLOOMREACH_SEARCH_A_B_TEST:false,FEATURE_IS_CORPORATE:false,GENERIC_ERROR_DESCRIPTION:"Cannot_load_products,_please_try_again_later!",GENERIC_ERROR_HEADLINE:"Something_went_wrong",GENERIC_ERROR_TITLE:"Error",GLUE_SHOP_API_CLIENT_DEFAULT_REQUEST_TIMEOUT_MS:50000,LOG_LEVEL_CLIENT:"info",PDP_CAROUSEL_IMAGES_MAX_NUMBER:5,SPRYKER_FE_BASE_URL:"https://fe.au.prod.commerce.ci-aldi.com",SPRYKER_FE_PAYMENT_URL:"https://fe.au.prod.commerce.ci-aldi.com/payment-initiation",SPRYKER_FE_PAYMENT_TOKENIZATION_URL:"",SPRYKER_FE_PAYMENT_INITIATION_URL:"",TARGET_COOKIE_GROUP_IDENTIFIER:"C4:",TARGET_COOKIE_PREFIX:"OptanonConsent=",TARGET_RUN_ON_UNKNOWN_CONSENT:true,WEB_AEM_REQUEST_CACHE_ENABLED:true,WEB_AEM_REQUEST_CACHE_TTL_MS:120000,WEB_BALANCE_CHECK_RESPONSE_FAIL_URL:"%HOST%/srv/balance-check",WEB_BALANCE_CHECK_RESPONSE_SUCCESS_URL:"%HOST%/srv/balance-check",WEB_BUY_AGAIN_PRODUCTS_PER_PAGE:100,WEB_CIAM_COOKIE_DOMAIN:".ci-aldi.com",WEB_CIAM_SSO_IMAGE_SRC:"https://account.aldi.com.au/sfsites/c/resource/CIAM_SessionCheck",WEB_COUNTRY_ZIP_MIN_LEN:4,WEB_DATE_FORMAT:"dd-mm-yyyy",AEM_OSD_PATH:"/content/aldi/apac/au/web/main/en/osd.content.v1.api/content.json",WEB_DNS_PREFETCH_LINKS:"https://publish.prod.apac.cms.aldi.cx,https://aldisued.tt.omtrdc.net",WEB_LAUNCH_SCRIPT:"https://assets.adobedtm.com/1a449bc36397/be26c5017d5a/launch-12db496cfb5b.min.js",WEB_LOCALE_CODE:"en-AU",WEB_KNOWN_HOSTS:"en-US|https://www.aldi.us,en-GB|https://www.aldi.co.uk,en-IE|https://www.aldi.ie,en-AU|https://www.aldi.com.au",WEB_DYNATRACE_SCRIPT:"prod-v2",WEB_DYNATRACE_RUN_ON_UNKNOWN_CONSENT:false,WEB_DYNATRACE_RUN_CONSENT_INDEPENDENT:true,WEB_OIDC_ISSUER:"https://account.aldi.com.au",WEB_OIDC_LOGOUT_URI:"https://account.aldi.com.au/services/auth/idp/oidc/logout",WEB_OIDC_MY_ACCOUNT:"https://account.aldi.com.au/",WEB_OIDC_NONCE:false,WEB_OIDC_PKCE:true,WEB_OIDC_PROVIDER:"ciam",WEB_ORDERS_PER_PAGE:10,WEB_PRECONNECT_CORS_LINKS:"https://api.aldi.com.au",WEB_PRECONNECT_LINKS:"https://api.aldi.com.au,https://dm.apac.cms.aldi.cx,https://assets.adobedtm.com",WEB_PRODUCTS_PER_TEASER_LIST:12,WEB_PRODUCTS_PER_PAGE:30,WEB_MAX_PRODUCTS_OFFSET:9999,WEB_PSP_PATH:"%HOST%/srv/payments/fiserv",WEB_PSP_RESPONSE_FAIL_URL:"%HOST%/srv/payments/fiserv",WEB_PSP_RESPONSE_SUCCESS_URL:"%HOST%/srv/payments/fiserv",WEB_REDIR_CALLBACK_URL:"",WEB_REDIRECT_AUTH_AUTHORIZATION_PATH:"",WEB_REDIRECT_AUTH_REGISTRATION_PATH:"",WEB_REDIRECT_AUTH_URL:"",WEB_STORE_CONFIGURATION_ID:"AU",WEB_PII_RELEVANT:"",WEB_PII_MAP_TO_VENDOR:"",WEB_PRODUCT_SHOW_ASTERISK:false,WEB_ENABLE_STOCK_CHECKER:true,i18n:{baseUrl:"",defaultLocale:"",defaultDirection:"ltr",strategy:"no_prefix",lazy:false,rootRedirect:"",routesNameSeparator:"___",defaultLocaleRouteNameSuffix:"default",skipSettingLocaleOnNavigate:false,differentDomains:false,trailingSlash:false,locales:[],detectBrowserLanguage:false,experimental:{localeDetector:"",switchLocalePathLinkSSR:false,autoImportTranslationFunctions:false,typedPages:true,typedOptionsAndMessages:false,generatedLocaleFilePathFormat:"absolute",alternateLinkCanonicalQueries:false,hmr:true},multiDomainLocales:false}},app:{baseURL:"/",buildId:"8dbb81ec-3bf5-46fc-8471-dce511f62438",buildAssetsDir:"/_nuxt/",cdnURL:""}}</script><script>_satellite["_runScript1"](function(event, target, Promise) {
window.trackingService = window.trackingService || [];
window.trackingService.push(function (dl) {
    dl.push({event: 'launch:loaded'});
    dl.push({event: 'OneTrustGroupsUpdated'});
});
});</script><script>
var _ADB={
  storeIndex:0,
	storeType:['LocalStorage','Cookie']
};
function _adbCheckDataLayerElement(p,r) {
  var pth=[],root=r?window[r]:window.digitalData,pr;
  try {
      if (!root) return false;
      if (typeof p==='string') pth=p?p.split('.'):[];
      else {
          if (Object.prototype.toString.call(p)==='[object Array]') pth=p;
          else if(p) return false;
      }
      while(pr=pth.shift()) {
          try{
              if (pr in root) root=root[pr];
              else return false;
          } catch(e){_satellite.notify("Error in Page Load Rule 'Global Functions' > 'adbCheckDataLayerElement' :"+e);return false;}
      }
  } catch(e){_satellite.notify("Error in 'Global Functions'>function adbCheckDataLayerElement:"+e)}
  return root;
}
/* stores value in localStorage OR cookie */
function _adbSetValueToLocalStorageORCookie(n,v,l) {
	try {
		var _storage=window['localStorage'];
		_storage.setItem(n,v);
		_storage.removeItem(n);
		_ADB.storeIndex=1;
	}
	catch(e) {
      _satellite.logger.error('Error: AppM function "_setValueToLocalStorageORCookie": '+e);}
    if (_ADB.storeIndex) _storage.setItem(n,v);
    else _satellite.cookie.set(n,v);
	if (l) _satellite.logger.log("Write to "+_ADB.storeType[_ADB.storeIndex]+" : "+n+"='"+v+"'");
}
/* reads value from localStorage OR cookie */
function _adbGetValueFromLocalStorageORCookie(n,l) {
	var v='';
	try {v=window['localStorage'].getItem(n);_ADB.storeIndex=1;}
	catch(e){if (v==null||v=='') _satellite.cookie.get(n);}
	v=v?v:'';
	if (l) _satellite.logger.log("Value from "+_ADB.storeType[_ADB.storeIndex]+" for "+n+"='"+v+"'");
	return v;
}
</script><script async="" src="https://www.googletagmanager.com/gtag/js?id=DC-6356725"></script><iframe sandbox="allow-scripts allow-same-origin" title="Adobe ID Syncing iFrame" id="destination_publishing_iframe_aldisued_0" name="destination_publishing_iframe_aldisued_0_name" src="https://aldisued.demdex.net/dest5.html?d_nsid=0#https%3A%2F%2Fwww.aldi.com.au" class="aamIframeLoaded" style="display: none; width: 0px; height: 0px;"></iframe><iframe allow="join-ad-interest-group" data-tagging-id="AW-16713905917" data-load-time="1752462671268" height="0" width="0" src="https://td.doubleclick.net/td/rul/16713905917?random=1752462671256&amp;cv=11&amp;fst=1752462671256&amp;fmt=3&amp;bg=ffffff&amp;guid=ON&amp;async=1&amp;en=gtag.config&amp;gtm=45fe5791v9190109336za200&amp;gcd=13l3l3l3l1l1&amp;dma=0&amp;tag_exp=101509157~103116026~103200004~103233427~103351869~103351871~104684208~104684211~104879961~104908318~104908320~104909302~104909304~104935091~104935093&amp;u_w=1792&amp;u_h=1120&amp;url=https%3A%2F%2Fwww.aldi.com.au%2Fproducts%3Fpage%3D1&amp;hn=www.googleadservices.com&amp;frm=0&amp;tiba=Grocery%20Shopping%20%7C%20Everyday%20Grocery%20Range%20-%20ALDI%20Australia&amp;npa=0&amp;pscdl=noapi&amp;auid=1681557318.1752462671&amp;fledge=1&amp;data=event%3Dgtag.config" style="display: none; visibility: hidden;"></iframe><script>
window.dataLayer = window.dataLayer || [];
function gtag(){dataLayer.push(arguments);}
gtag('js', new Date());
gtag('config', 'DC-6356725');

</script><script src="https://js.adsrvr.org/up_loader.1.1.0.js" type="text/javascript"></script><iframe height="0" width="0" style="display: none; visibility: hidden;"></iframe><div id="feedback_div">
<style>
#feedback_div_link {
  background-color: transparent !important;
  font-family: "Open Sans", sans-serif;
  cursor: pointer;
  position: fixed;
  top: 65%;
  z-index: 99;
  height: auto !important;
  min-height: 35px !important;
  max-height: 35px !important;
  width: 80px !important;
  max-width: 80px !important;
  min-width: 80px !important;
  transform: rotate(90deg);
  right: -28px;
  text-decoration: none;
  bottom: 121px
}
#feedback_div_link:focus-visible {
  outline: 1px dashed #00005f;
  outline-offset: 2px
}
#feedback_div_link .feedback_button {
  height: 35px;
  min-height: 35px !important;
  max-height: 35px !important;
  width: 80px !important;
  min-width: 80px !important;
  max-width: 80px !important;
  background: #ffc20e;
  color: #00005f;
  position: absolute;
  top: 0;
  left: 0;
  z-index: -1;
  border-radius: 0 0 8px 8px
}
#feedback_div_link .feedback_button-text {
  color: #00005f;
  font-size: 14px;
  line-height: 35px;
  text-align: center
}
</style>
<a id="feedback_div_link" href="https://aldi.co/au-web-survey" target="_blank" title="Feedback">
  <div class="feedback_button"></div>
  <div class="feedback_button-text">Feedback</div>
</a></div><script type="text/javascript" src="https://p.teads.tv/teads-fellow.js" async="true"></script><script>
!function (w, d, t) {   w.TiktokAnalyticsObject=t;var ttq=w[t]=w[t]||[];ttq.methods=["page","track","identify","instances","debug","on","off","once","ready","alias","group","enableCookie","disableCookie","holdConsent","revokeConsent","grantConsent"],ttq.setAndDefer=function(t,e){t[e]=function(){t.push([e].concat(Array.prototype.slice.call(arguments,0)))}};for(var i=0;i<ttq.methods.length;i++)ttq.setAndDefer(ttq,ttq.methods[i]);ttq.instance=function(t){for( var e=ttq._i[t]||[],n=0;n<ttq.methods.length;n++)ttq.setAndDefer(e,ttq.methods[n]);return e},ttq.load=function(e,n){var r="https://analytics.tiktok.com/i18n/pixel/events.js",o=n&&n.partner;ttq._i=ttq._i||{},ttq._i[e]=[],ttq._i[e]._u=r,ttq._t=ttq._t||{},ttq._t[e]=+new Date,ttq._o=ttq._o||{},ttq._o[e]=n||{};n=document.createElement("script") ;n.type="text/javascript",n.async=!0,n.src=r+"?sdkid="+e+"&lib="+t;e=document.getElementsByTagName("script")[0];e.parentNode.insertBefore(n,e)};   ttq.load('CR61HVBC77U9N3BNSMUG');}(window, document, 'ttq'); 
</script><script>_satellite["_runScript2"](function(event, target, Promise) {

try{
window.targetGlobalSettings = {
   secureOnly: true
};
}
catch(error){
      _satellite.logger.log("Error in secure flag setup Rule",error);
}
});</script><script>
!function(f,b,e,v,n,t,s)
{if(f.fbq)return;n=f.fbq=function(){n.callMethod?
n.callMethod.apply(n,arguments):n.queue.push(arguments)};
if(!f._fbq)f._fbq=n;n.push=n;n.loaded=!0;n.version='2.0';
n.queue=[];t=b.createElement(e);t.async=!0;
t.src=v;s=b.getElementsByTagName(e)[0];
s.parentNode.insertBefore(t,s)}(window, document,'script',
'https://connect.facebook.net/en_US/fbevents.js');
fbq('init', '243994516055909');
</script><script>_satellite["_runScript3"](function(event, target, Promise) {
"productDetailsPage"!=digitalData.page.pageInfo.pageType&&"productListingPage"!=digitalData.page.pageInfo.pageType&&"/"!=digitalData.page.pageInfo.path&&"Checkout Confirmation"!=digitalData.page.pageInfo.pageName||adobe.target.triggerView(digitalData.page.pageInfo.pageType),"/"!=digitalData.page.pageInfo.path&&"Checkout Confirmation"!=digitalData.page.pageInfo.pageName&&adobe.target.triggerView(document.location.pathname.replace("/",""));
});</script><script>_satellite["_runScript4"](function(event, target, Promise) {
function buildParams(){var e={pageType:window?.digitalData?.page?.pageInfo?.pageType,pageName:window?.digitalData?.page?.pageInfo?.pageName,pagePath:window?.digitalData?.page?.pageInfo?.path,"user.categoryId":void 0!==_satellite.getVar("Target_regularCategory",event)?_satellite.getVar("Target_regularCategory",event):"","entity.event.detailsOnly":!0,cartIds:void 0!==_satellite.getVar("Target_cart")?_satellite.getVar("Target_cart"):"",excludedIds:void 0!==_satellite.getVar("Target_cart")?_satellite.getVar("Target_cart"):"",categoryId:void 0!==_satellite.getVar("Target_regularCategory",event)?_satellite.getVar("Target_regularCategory",event):"","user.brand":document.querySelector(".product-details__brand-name")?.innerText.toLowerCase().replace(/(^\w{1})|(\s+\w{1})/g,(e=>e.toUpperCase())),"entity.id":"productDetailsPage"==event?.detail?.page?.pageInfo?.pageType&&void 0!==_satellite.getVar("Target_entityId",event)?_satellite.getVar("Target_entityId",event):""};return Object.keys(e).forEach((function(t){""!=e[t]&&null!=e[t]&&null!=e[t]||delete e[t]})),e}function checkBreadcrumbs(){const e=document.querySelectorAll(".base-breadcrumbs__crumb");if(e.length>0&&window.location.href.includes("/product/")){const t=e[e.length-1].textContent.trim();if(event&&event?.detail?.page&&event?.detail?.page?.pageInfo&&event?.detail?.page?.pageInfo?.pageCategories&&event?.detail?.page?.pageInfo?.pageCategories.includes(t))return!0}else if(e.length>0&&!window.location.href.includes("/product/")){const t=e[e.length-1].textContent.trim();if(event&&event?.detail?.page&&event?.detail?.page?.pageInfo&&event?.detail?.page?.pageInfo?.pageCategories&&event?.detail?.page?.pageInfo?.pageCategories.includes(t))return!0}else if(0===e.length&&!window.location.href.includes("/product/")&&event&&event?.detail?.page&&event?.detail?.page?.pageInfo)return!0;return!1}setTimeout((()=>{_satellite.logger.log("List of mboxes:",document.querySelectorAll("*[data-target-product-rec]"));let e=buildParams();document.querySelectorAll("*[data-target-product-rec]").forEach((function(t){var a=t.getAttribute("data-target-product-rec");_satellite.logger.log(t),""!=a&&adobe.target.getOffer({mbox:a,params:e,success:function(e){e.length&&e[0]?.content?(_satellite.logger.log("Target "+a+": getOffer:Success, window.nuxtReady:",window.nuxtReady),e[0].content.indexOf("title")>-1&&e[0].content.indexOf("products")>-1?(_satellite.logger.log("response contains title & products"),t.setAttribute("data-target-product-rec-result",e[0].content)):(_satellite.logger.log("response don't contains title & products"),t.setAttribute("data-target-product-rec-result",JSON.stringify({code:"inValidResult",message:"Response not as expected by pathfinder"})))):t.setAttribute("data-target-product-rec-result",JSON.stringify({code:"noResult",message:"No result from target"}))},error:function(){_satellite.logger.log("Target "+a+": No result from target"),t.setAttribute("data-target-product-rec-result",JSON.stringify({code:"noResult",message:"No result from target"}))}})}))}),300);
});</script><script>_satellite["_runScript5"](function(event, target, Promise) {
ttq.page();
});</script><script>_satellite["_runScript6"](function(event, target, Promise) {
function buildParams(){var e={Pagename:void 0!==_satellite.getVar("Target_pageName")?_satellite.getVar("Target_pageName"):"","user.isLogin":void 0!==_satellite.getVar("Target_User_Login_Status")?_satellite.getVar("Target_User_Login_Status"):"","user.storeSelected":void 0!==_satellite.getVar("Target_storeSelected")?_satellite.getVar("Target_storeSelected"):"","user.divisionSelected":void 0!==_satellite.getVar("Target_divisionSelected")?_satellite.getVar("Target_divisionSelected"):"","user.categoryId":void 0!==_satellite.getVar("Target_regularCategory",event)?_satellite.getVar("Target_regularCategory",event):"",cartIds:void 0!==_satellite.getVar("Target_cart")?_satellite.getVar("Target_cart"):"",excludedIds:void 0!==_satellite.getVar("Target_cart")?_satellite.getVar("Target_cart"):""};return"productDetailsPage"==event?.detail?.page?.pageInfo?.pageType&&(e["entity.name"]=void 0!==_satellite.getVar("Target_entityProductName")?_satellite.getVar("Target_entityProductName"):"",e["entity.id"]=void 0!==_satellite.getVar("Target_entityId",event)?_satellite.getVar("Target_entityId",event):"",e["entity.pageUrl"]=void 0!==_satellite.getVar("Target_pageUrl")?_satellite.getVar("Target_pageUrl"):"",e["entity.thumbnailUrl"]=void 0!==_satellite.getVar("Target_thumbnailurl")?_satellite.getVar("Target_thumbnailurl"):"",e["entity.categoryId"]=void 0!==_satellite.getVar("Target_regularCategory",event)?_satellite.getVar("Target_regularCategory",event):"",e["entity.promotionalCategory"]=void 0!==_satellite.getVar("Target_PromotionalCategory")?_satellite.getVar("Target_PromotionalCategory"):"",e["entity.status"]="active"),Object.keys(e).forEach((function(t){""!=e[t]&&null!=e[t]&&null!=e[t]&&e[t]||delete e[t]})),e}function checkBreadcrumbs(){const e=document.querySelectorAll(".base-breadcrumbs__crumb");if(e.length>0&&window.location.href.includes("/product/")){const t=e[e.length-1].textContent.trim();if(event&&event?.detail?.page&&event?.detail?.page.pageInfo&&event?.detail?.page.pageInfo.pageCategories&&event?.detail?.page.pageInfo.pageCategories.includes(t))return!0}else if(e.length>0&&!window.location.href.includes("/product/")){const t=e[e.length-1].textContent.trim();if(event&&event?.detail?.page&&event?.detail?.page.pageInfo&&event?.detail?.page.pageInfo.pageCategories&&event?.detail?.page.pageInfo.pageCategories.includes(t))return!0}else if(0===e.length&&!window.location.href.includes("/product/")&&event&&event?.detail?.page&&event?.detail?.page.pageInfo)return!0;return!1}function waitForBreadcrumbsToBeTest(){checkBreadcrumbs()&&adobe.target.getOffer({mbox:"target_custom_mbox",params:buildParams(),success:function(e){adobe.target.applyOffer({mbox:"target_custom_mbox",offer:e})},error:function(e,t){_satellite.logger.log("Error",e,t)}})}setTimeout((function(){waitForBreadcrumbsToBeTest(),""==digitalData?.user?.CRM_PK&&sessionStorage.removeItem("user_loggged_in")}),300);
});</script><script>_satellite["_runScript7"](function(event, target, Promise) {
fbq("track","PageView");
});</script><script>_satellite["_runScript8"](function(event, target, Promise) {
ttd_dom_ready((function(){"function"==typeof TTDUniversalPixelApi&&(new TTDUniversalPixelApi).init("3qnmwak",["tdxmyw5"],"https://insight.adsrvr.org/track/up")}));
});</script><iframe height="0" width="0" src="https://6356725.fls.doubleclick.net/activityi;src=6356725;type=aldih0;cat=aldi_0;ord=4857958943895;npa=0;auiddc=1681557318.1752462671;uaa=x86;uab=64;uafvl=Not)A%253BBrand%3B8.0.0.0%7CChromium%3B138.0.7204.101%7CGoogle%2520Chrome%3B138.0.7204.101;uamb=0;uam=;uap=macOS;uapv=15.5.0;uaw=0;pscdl=noapi;frm=0;_tu=IFA;gtm=45fe5791v9190109336za200;gcd=13l3l3l3l1l1;dma=0;dc_fmt=2;tag_exp=101509157~103116026~103200004~103233427~103351869~103351871~104684208~104684211~104879961~104908318~104908320~104909302~104909304~104935091~104935093;epver=2;dc_random=1752462676766;_dc_test=1;~oref=https%3A%2F%2Fwww.aldi.com.au%2Fproducts%3Fpage%3D1?" style="display: none; visibility: hidden;"></iframe><iframe allow="join-ad-interest-group" data-tagging-id="DC-6356725/aldih0/aldi_0+standard" data-load-time="1752462676776" height="0" width="0" src="https://td.doubleclick.net/td/fls/rul/activityi;fledge=1;src=6356725;type=aldih0;cat=aldi_0;ord=4857958943895;npa=0;auiddc=1681557318.1752462671;uaa=x86;uab=64;uafvl=Not)A%253BBrand%3B8.0.0.0%7CChromium%3B138.0.7204.101%7CGoogle%2520Chrome%3B138.0.7204.101;uamb=0;uam=;uap=macOS;uapv=15.5.0;uaw=0;pscdl=noapi;frm=0;_tu=IFA;gtm=45fe5791v9190109336za200;gcd=13l3l3l3l1l1;dma=0;dc_fmt=9;tag_exp=101509157~103116026~103200004~103233427~103351869~103351871~104684208~104684211~104879961~104908318~104908320~104909302~104909304~104935091~104935093;epver=2;dc_random=1752462676766;_dc_test=1;~oref=https%3A%2F%2Fwww.aldi.com.au%2Fproducts%3Fpage%3D1?" style="display: none; visibility: hidden;"></iframe><script>_satellite["_runScript9"](function(event, target, Promise) {
gtag("event","conversion",{allow_custom_scripts:!0,send_to:"DC-6356725/aldih0/aldi_0+standard"});
});</script><script>_satellite["_runScript10"](function(event, target, Promise) {
window.teads_e=window.teads_e||[],window.teads_buyer_pixel_id=12188;
});</script><iframe id="universal_pixel_tdxmyw5" height="0" width="0" style="display:none;" src="https://insight.adsrvr.org/track/cei?adv=3qnmwak&amp;ref=https%3A%2F%2Fwww.aldi.com.au%2Fproducts%3Fpage%3D1&amp;upid=tdxmyw5&amp;upv=1.1.0&amp;paapi=1" title="TTD Universal Pixel"></iframe></body></html>